1650 2948
182 137 233 187 AD
249 136 426 187 ulvnnsos.
444 137 605 185 1.1s,1x.1o.
679 141 725 186 205

58 279 97 318 tur
105 269 134 316 ad
146 283 199 315 eum
211 284 252 330 pro
260 283 319 323 meo,
330 267 390 328 quod
398 283 475 313 meum
488 282 532 312 non
544 267 581 320 sit,
594 270 684 328 rejicere
690 286 725 315 so·

57 335 118 381 lere:
138 333 200 395 quod
211 349 237 378 eo
246 347 307 378 nunc
319 332 391 392 magis
404 333 464 388 fucit,
477 332 532 394 quia
543 332 623 378 vivunt
634 348 725 380 meeum

56 400 104 445 fere
120 396 222 460 quotidie
239 397 302 442 illius
319 396 448 442 familiares.
474 395 583 442 Incidunt
604 405 681 444 autern
700 397 725 444 in

56 478 162 509 sermone
173 461 235 508 vario
245 461 328 518 multa,
345 473 398 522 quae
414 459 508 507 fortasse
522 458 576 517 issiu
596 473 649 508 cum
667 461 725 519 dixi,

56 542 100 574 neo
109 526 217 573 illiterata
226 540 268 571 nec
278 523 365 571 insulsa
379 538 426 571 esse
436 523 562 571 videantur.
588 525 647 572 llaec
657 525 687 572 sd
697 527 726 573 il·

55 590 108 638 lum
122 604 176 638 cum
191 588 285 652 reliquis
302 589 358 635 actis
371 588 531 652 perfenmturz
548 587 581 635 lta
597 589 659 636 euim
676 590 726 654 ipse

55 653 182 702 mondavit.
200 653 238 701 Sic
247 653 282 710 flt,
292 651 329 712 ut,
340 653 361 699 si
387 651 427 698 uid
437 661 545 715 praeterea
553 653 581 699 de
589 669 627 700 me
637 654 724 713 audiat,

56 733 105 766 nou
116 717 257 766 audiendum
275 725 346 779 putet.
400 718 532 764 uamobrem
551 718 667 765 OEnomao
684 729 725 766 tuo

56 783 118 831 nihil
128 791 198 837 utor;
215 781 257 828 etsi
264 780 360 844 posuisti
369 781 420 827 loco
431 795 508 826 versus
520 780 639 828 Aoeianos.

90 846 137 896 Sed
148 861 201 909 quae
212 844 359 892 estinvidia?
375 853 416 892 aut
424 844 480 907 quid
491 844 549 891 mihi
560 859 622 892 nunc
629 846 726 894 invideri

56 913 152 976 potest?
169 910 259 959 Verum
274 910 310 957 fao
327 925 374 957 esse
391 907 475 955 omnis.
501 909 539 956 Sic
549 909 615 957 video
625 910 726 974 philoso·

56 975 111 1040 phio
116 974 228 1038 placuisse
238 974 275 1033 iis,
287 974 328 1038 qui
335 973 393 1021 mihi
404 972 446 1020 soli
460 972 566 1021 videntur
577 973 624 1021 vim
635 975 725 1024 virtutis

55 1048 143 1098 tenere,
160 1039 220 1086 nihil
238 1053 285 1086 esse
302 1037 409 1101 sapientis
425 1046 540 1100 praestare,
555 1038 599 1085 nisi
616 1039 725 1102 culpam:

54 1104 106 1179 qud
115 1102 175 1150 mihi
185 1103 262 1151 videor
269 1102 389 1166 dupliciter
398 1117 488 1158 careret
506 1110 529 1150 et
539 1102 639 1166 quodue
645 1118 726 1153 sense-

55 1183 102 1215 rrm
117 1184 171 1232 quae
181 1167 306 1215 rectissima
321 1167 423 1225 fuerunt,
435 1167 532 1241 etquis,
552 1182 605 1214 cum
623 1167 733 1216 viderem¹

55 1232 159 1297 prusidii
168 1246 215 1279 non
226 1231 280 1280 satis
290 1244 338 1278 esse
352 1230 382 1277 ad
394 1245 421 1277 es
436 1231 568 1287 obuneuda,
579 1231 665 1279 viribus
675 1248 724 1281 oer-

56 1297 157 1345 tandum
171 1311 225 1343 cum
244 1294 406 1342 valentioribus
422 1308 469 1341 non
483 1294 592 1357 putluim.
616 1295 688 1359 Ergo,
699 1297 725 1344 in

56 1361 133 1410 officio
154 1360 209 1408 boni
226 1358 289 1417 civis,
303 1369 363 1406 certe
381 1371 428 1404 non
449 1372 502 1404 sum
519 1359 724 1420 reprehendendus

57 1425 188 1488 Reliquum
198 1432 240 1480 est,
249 1436 278 1470 ne
289 1422 345 1485 quid
353 1421 431 1477 stulte,
442 1435 472 1469 ne
482 1422 539 1486 quid
549 1431 642 1482 temere,
649 1424 725 1472 diuam

58 1488 189 1537 mendam
200 1495 278 1534 eontra
287 1494 405 1549 potentes:
422 1485 446 1532 id
457 1501 550 1549 quoque
560 1487 617 1548 puto
627 1502 674 1534 esse
688 1503 725 1535 ss-

62 1552 149 1617 pieutis.
167 1550 325 1608 cessavero,
337 1549 394 1612 quid
404 1549 503 1614 quisque
513 1565 552 1597 me
562 1549 645 1597 dixisse
656 1550 724 1612 diuet,

66 1625 100 1666 tut
109 1615 226 1681 quomodo
240 1614 280 1662 ille
290 1614 394 1678 accipiat,
405 1623 447 1662 aut
463 1615 510 1679 qul
527 1614 572 1661 fide
588 1629 679 1662 mecum
690 1615 724 1663 vi-

70 1690 113 1730 unt
122 1681 149 1739 ii,
161 1680 202 1743 qui
212 1694 251 1727 me
261 1679 350 1727 assidue
358 1680 436 1727 uolunt
447 1689 470 1728 et
480 1681 608 1737 observant,
619 1689 725 1742 prestare

75 1760 104 1794 on
114 1760 217 1808 possum.
241 1744 279 1792 lta
292 1743 326 1802 fit,
343 1753 371 1792 ut
387 1753 410 1792 et
425 1744 571 1792 oonsiliorum
583 1744 725 1819 superiorum

78 1809 202 1866 unientit,
214 1818 237 1857 et
253 1808 371 1872 praesentis
384 1810 492 1871 temporis
508 1807 671 1868 moderatione,
687 1825 726 1857 me

83 1873 174 1922 nsolerz
192 1882 215 1920 et
224 1873 289 1920 illam
300 1872 368 1920 Accii
378 1871 552 1921 similitudinem
569 1887 615 1921 non
632 1872 724 1938 [modo]

87 1937 269 1996 tumimidum,
277 1937 316 1985 ssd
324 1937 641 1994 adsortunamtrsnsferums
654 1954 725 2002 quam

90 2001 165 2050 lstimir
175 2002 249 2049 levem
262 2009 284 2049 et
294 2001 442 2059 imbecillum,
454 2010 477 2049 et
488 2003 517 2049 ab
528 2002 606 2048 animo
621 2001 688 2049 firmo
703 2011 726 2058 et

95 2065 132 2122 ui,
154 2073 274 2128 tamquam
296 2065 392 2112 fluctum
411 2082 425 2112 a
442 2081 505 2122 saxo,
523 2065 598 2128 frangi
616 2076 726 2129 oportere.

99 2129 163 2186 nim,
186 2145 239 2177 cum
264 2130 333 2192 plens
358 2129 403 2176 sint
419 2130 560 2177 monimenta
582 2131 725 2187 Graecorum,

103 2193 255 2242 msdmodum
275 2193 487 2257 sapientissimiviri
500 2196 571 2256 regna
584 2194 679 2242 tulerint
688 2197 726 2243 vel

109 2257 167 2317 anis,
179 2259 216 2306 vel
227 2257 359 2321 Syracusis3
378 2273 440 2316 cunr,
454 2258 602 2306 servientibus
614 2259 661 2306 suis
671 2260 726 2306 oiri-

111 2337 152 2380 us,
171 2320 257 2370 flierint
271 2322 314 2384 ipsi
334 2321 503 2386 quodammodo
521 2322 602 2378 liberi3
624 2337 667 2385 ego
687 2337 726 2370 me

135 2395 201 2435 utem
212 2386 271 2434 tueri
285 2402 364 2434 meum
375 2394 460 2434 statum
473 2386 506 2434 sic
519 2402 593 2449 posse,
611 2396 638 2432 ut
652 2400 727 2460 neque

184 2452 290 2499 animum
301 2451 447 2515 cujusquam,
459 2465 501 2498 nec
510 2449 616 2513 frangam
626 2448 726 2512 digniu-

123 2519 212 2564 neam?

127 2594 162 2628 uro
173 2581 240 2628 venio
250 2581 280 2628 sd
288 2580 412 2641 joootionss
422 2586 483 2639 tuas,
498 2592 554 2626 cum
563 2584 591 2624 tu
599 2575 736 2624 seeundum

131 2646 190 2700 rtet.)
203 2658 264 2691 von.
277 2659 296 2692 1.
525 2645 544 2689 ‘l
559 2656 578 2688 u
