1650 2948
69 349 115 396 ror
181 348 231 396 an
248 345 427 396 nrvuusos.
446 345 506 393 nn.
520 345 582 395 vu.
596 348 635 413 12,-

67 478 155 528 consilii
169 477 280 534 dederim,
293 485 320 524 ut
331 493 345 524 a
355 476 452 539 singulis
462 475 615 540 interregibus
624 474 734 541 binued·

67 542 196 591 vocationes
204 542 326 605 postulent.
344 541 433 589 Satisne
444 539 487 587 tibi
494 539 572 588 videor
582 542 624 588 ebe
631 548 655 589 te
662 538 736 603 jurei·

68 607 113 655 vile
124 606 246 654 didicisse?
263 605 309 653 Sed
321 605 379 651 heus
395 615 431 663 tu,
448 603 505 667 quid
515 603 581 667 agis?
598 604 681 668 ecquid
690 604 735 653 dt?

68 671 135 719 rideo
146 671 217 728 enim,
224 678 247 717 te
255 671 305 730 jam
310 669 382 730 jocari
393 685 434 731 per
444 669 528 716 literas.
545 669 606 717 Huc
615 668 682 732 signs
690 683 737 727 me·

68 736 125 783 liora
136 745 198 794 suut,
213 749 284 797 quam
294 733 319 778 in
330 747 382 780 meo
397 733 538 780 Tusculano.
567 732 622 796 Sed,
634 733 691 798 quid
700 731 737 793 sit,

70 815 161 847 seneen
180 814 209 846 ro.

103 816 199 910 Consldli
209 861 304 926 quidem
315 869 337 909 te
350 877 364 908 a
377 861 467 909 Caesare
483 861 577 910 scribis:
594 861 636 910 sed
646 876 689 926 ego
698 860 739 922 tili

71 928 147 975 abillo
159 927 247 975 consuli
255 927 357 973 mallem.
373 926 444 984 Quod
455 926 475 973 si
485 935 527 974 aut
536 925 571 985 fit,
583 934 625 975 eut
634 926 740 974 fumrum

72 1000 148 1056 putas,
159 991 234 1066 perfer
244 991 313 1038 istem
321 989 438 1051 militiam,
450 998 474 1037 et
483 1005 592 1054 pennane
601 1008 608 1038 z
627 1005 670 1054 ego
680 990 741 1049 enirn

73 1056 211 1104 desideum
223 1056 266 1114 tui,
278 1071 318 1120 spe
330 1065 424 1103 tuorum
440 1053 625 1113 commodorum,
642 1055 742 1103 oonsoln

74 1124 130 1170 bor:
149 1121 184 1168 sin
199 1130 276 1169 autem
288 1120 331 1167 ista
342 1127 395 1167 sunt
405 1119 517 1176 inaniora,
528 1119 603 1182 recipe
618 1128 641 1168 te
651 1119 682 1167 ed
696 1134 743 1183 uos

76 1187 139 1233 Nam
151 1195 192 1232 ant
208 1185 250 1232 erit
260 1185 300 1231 hic
310 1183 398 1247 aliquid
410 1182 549 1246 aliquandot
567 1191 617 1242 aut,
629 1183 650 1231 si
659 1183 745 1242 minue,

76 1265 124 1296 una
136 1248 287 1312 (mehercule)
298 1247 418 1295 collocutio
428 1256 506 1294 nostra
516 1247 589 1309 pluris
608 1248 659 1306 erit,
677 1262 747 1312 quem

77 1329 157 1361 ornnes
169 1311 341 1360 Samarobriuae.
367 1311 515 1375 Denique,si
531 1311 576 1358 cito
592 1318 616 1359 te
628 1312 746 1368 retulerim

78 1392 152 1424 semro
163 1376 241 1422 nullus
257 1375 313 1422 erit:
332 1376 351 1422 si
368 1375 454 1422 diutius
470 1376 554 1422 frustra
568 1376 686 1433 abfueris3
704 1390 749 1424 non

79 1440 148 1488 modo
160 1439 295 1498 Laberium,
304 1439 343 1487 sed
354 1439 424 1486 etiam
435 1439 536 1487 sodalem
546 1449 652 1487 nostrum
661 1439 750 1489 valeri·

81 1521 131 1562 um,
149 1503 290 1567 pertimesco.
313 1503 377 1554 Mira
391 1503 453 1549 enim
470 1519 568 1567 persona
584 1504 664 1553 induci
679 1513 751 1569 potest

81 1568 210 1616 Britannici
219 1567 376 1628 jureconsulti.

116 1633 175 1680 Haec
183 1648 225 1694 ego
236 1647 283 1679 non
294 1632 366 1691 rideo,
378 1632 484 1695 quamvis
494 1641 520 1678 tu
531 1633 620 1681 rideas:
639 1634 679 1681 sed
692 1634 720 1682 de
730 1649 753 1681 re

83 1694 223 1745 severissimi
234 1707 319 1754 tecum,
328 1706 355 1744 ut
366 1696 435 1754 soleo,
445 1697 515 1757 jooor.
531 1697 632 1745 Remoto
640 1699 702 1758 joco,
713 1697 754 1746 tabi

83 1763 127 1809 hoc
139 1761 275 1809 amicissimo
286 1761 363 1808 animo
371 1761 486 1824 praecipio,
495 1770 531 1818 ut,
543 1762 563 1807 si
570 1761 621 1809 istic
632 1763 686 1810 med
694 1778 755 1811 com·

84 1826 231 1874 mendatione
240 1835 305 1872 tuam
316 1825 452 1887 dignitatem
463 1825 584 1884 obtinebis,
595 1825 696 1888 perferes
703 1842 755 1876 nos·

86 1892 115 1938 tn'
126 1890 272 1945 desiderium,
281 1890 422 1936 honestatem
434 1898 457 1935 et
467 1889 587 1937 facultates
602 1900 654 1938 tuns
665 1907 754 1954 augeas.

85 1957 127 2003 Sin
138 1963 215 2001 autem
226 1954 269 2000 ista
279 1953 403 2014 frigebunt,
416 1953 510 2016 recipias
518 1962 540 2000 te
551 1954 581 2001 ad
591 1969 640 2003 nos.
668 1955 755 2017 Omnis

87 2030 172 2075 tamen,
192 2033 245 2080 quae
262 2017 304 2074 vis,
319 2025 341 2063 et
359 2017 400 2064 tub
416 2018 499 2065 virtute
513 2018 623 2081 profecto,
642 2027 665 2067 et
680 2029 756 2069 nostro

87 2096 179 2129 summo
190 2096 244 2144 erga
255 2090 277 2127 te
287 2080 371 2139 studio,
383 2084 527 2144 consequere.
544 2078 611 2130 Vale.

211 2272 281 2335 (12.)
300 2273 427 2322 CICERO
443 2273 634 2323 TREBATIO.

123 2401 319 2460 (Argumentum.
329 2427 362 2437 —
369 2401 415 2449 Per
422 2403 502 2462 jocum
513 2401 614 2465 exagitet
624 2403 759 2467 Epicureos,

90 2474 114 2514 et
127 2464 203 2528 ipsum
215 2465 361 2524 Trebatium,
377 2481 447 2529 quem
462 2466 604 2528 Epicureum
614 2466 703 2531 fectum
714 2485 761 2518 esse

93 2531 169 2578 Panse
180 2528 329 2590 narraverat.)

126 2658 240 2713 Mirabar,
252 2657 310 2721 quid
324 2666 389 2718 esset,
401 2659 464 2723 quod
478 2667 505 2706 tu
515 2658 574 2707 mihi
584 2654 665 2709 literas·
673 2638 764 2711 mittere

82 2722 258 2772 intermisisses.
272 2723 384 2771 Indicavit
390 2723 448 2770 mihi
455 2724 532 2771 Pensa
539 2739 614 2782 meus,
622 2725 766 2789 Epicureum

95 2797 119 2836 te
127 2802 174 2835 esee
181 2785 276 2835 factum.
296 2786 400 2835 Ocastra
409 2787 518 2850 praeclnrn
529 2787 535 2835 l
553 2787 620 2847 Quid
629 2800 656 2837 tu
667 2789 765 2850 fenim,

89 2853 112 2900 si
123 2861 146 2901 te
162 2852 304 2914 Tarentum,
323 2860 347 2901 et
362 2866 411 2900 non
424 2851 620 2912 Sumuobricam,
634 2848 766 2923 misinen(
