<?xml version="1.0" encoding="UTF-8"?>
<!DOCTYPE html PUBLIC "-//W3C//DTD XHTML 1.0 Transitional//EN"
    "http://www.w3.org/TR/xhtml1/DTD/xhtml1-transitional.dtd">
<html xmlns="http://www.w3.org/1999/xhtml" xml:lang="en" lang="en">
 <head>
  <title>
</title>
<meta http-equiv="Content-Type" content="text/html;charset=utf-8" />
  <meta name='ocr-system' content='tesseract 3.04.00' />
  <meta name='ocr-capabilities' content='ocr_page ocr_carea ocr_par ocr_line ocrx_word'/>
</head>
<body>
  <div class='ocr_page' id='page_1' title='image "./operaexeditioni00cicegoog_0348.png"; bbox 0 0 1650 2948; ppageno 0'>
   <div class='ocr_carea' id='block_1_1' title="bbox 119 161 662 217">
    <p class='ocr_par' dir='ltr' id='par_1_1' title="bbox 119 161 662 217">
     <span class='ocr_line' id='line_1_1' title="bbox 119 161 662 217; baseline 0.015 -9"><span class='ocrx_word' id='word_1_1' title='bbox 119 161 168 209; x_wconf 70' lang='lat'>83⁰</span> <span class='ocrx_word' id='word_1_2' title='bbox 237 161 287 211; x_wconf 76' lang='lat' dir='ltr'>AD</span> <span class='ocrx_word' id='word_1_3' title='bbox 304 161 480 217; x_wconf 80' lang='lat' dir='ltr'>DIVERSOS.</span> <span class='ocrx_word' id='word_1_4' title='bbox 498 165 560 214; x_wconf 71' lang='lat' dir='ltr'>Irin.</span> <span class='ocrx_word' id='word_1_5' title='bbox 572 164 622 214; x_wconf 83' lang='lat' dir='ltr'>xl.</span> <span class='ocrx_word' id='word_1_6' title='bbox 635 170 662 216; x_wconf 72' lang='lat' dir='ltr'>{ti</span> 
     </span>
    </p>
   </div>
   <div class='ocr_carea' id='block_1_2' title="bbox 120 295 782 540">
    <p class='ocr_par' dir='ltr' id='par_1_2' title="bbox 120 295 782 540">
     <span class='ocr_line' id='line_1_2' title="bbox 121 295 781 360; baseline -0.008 -13"><span class='ocrx_word' id='word_1_7' title='bbox 121 311 164 356; x_wconf 77' lang='lat' dir='ltr'>trs,</span> <span class='ocrx_word' id='word_1_8' title='bbox 176 315 229 347; x_wconf 89' lang='lat' dir='ltr'>cum</span> <span class='ocrx_word' id='word_1_9' title='bbox 240 299 269 346; x_wconf 86' lang='lat' dir='ltr'>de</span> <span class='ocrx_word' id='word_1_10' title='bbox 279 297 345 345; x_wconf 82' lang='lat' dir='ltr'>uobis</span> <span class='ocrx_word' id='word_1_11' title='bbox 359 304 446 344; x_wconf 86' lang='lat' dir='ltr'>certum</span> <span class='ocrx_word' id='word_1_12' title='bbox 464 296 501 353; x_wconf 88' lang='lat' dir='ltr'>sit,</span> <span class='ocrx_word' id='word_1_13' title='bbox 517 309 559 344; x_wconf 88' lang='lat' dir='ltr'>nos</span> <span class='ocrx_word' id='word_1_14' title='bbox 574 296 712 360; x_wconf 78' lang='lat' dir='ltr'>quiemros?</span> <span class='ocrx_word' id='word_1_15' title='bbox 734 295 781 342; x_wconf 83' lang='lat' dir='ltr'>Nm</span> 
     </span>
     <span class='ocr_line' id='line_1_3' title="bbox 120 359 782 425; baseline -0.009 -15"><span class='ocrx_word' id='word_1_16' title='bbox 120 363 231 412; x_wconf 83' lang='lat' dir='ltr'>debemus</span> <span class='ocrx_word' id='word_1_17' title='bbox 246 363 354 424; x_wconf 80' lang='lat' dir='ltr'><strong>cuiquam</strong></span> <span class='ocrx_word' id='word_1_18' title='bbox 365 359 436 408; x_wconf 86' lang='lat' dir='ltr'>videri</span> <span class='ocrx_word' id='word_1_19' title='bbox 453 360 552 407; x_wconf 88' lang='lat' dir='ltr'>nimium</span> <span class='ocrx_word' id='word_1_20' title='bbox 571 361 652 425; x_wconf 88' lang='lat' dir='ltr'>cupidi</span> <span class='ocrx_word' id='word_1_21' title='bbox 662 361 722 419; x_wconf 71' lang='lat' dir='ltr'>vitae,</span> <span class='ocrx_word' id='word_1_22' title='bbox 736 373 782 406; x_wconf 84' lang='lat' dir='ltr'>cum</span> 
     </span>
     <span class='ocr_line' id='line_1_4' title="bbox 121 422 780 488; baseline -0.011 -12"><span class='ocrx_word' id='word_1_23' title='bbox 121 428 221 476; x_wconf 84' lang='lat' dir='ltr'>accidere</span> <span class='ocrx_word' id='word_1_24' title='bbox 231 426 297 474; x_wconf 90' lang='lat' dir='ltr'>nobis</span> <span class='ocrx_word' id='word_1_25' title='bbox 305 425 364 472; x_wconf 87' lang='lat' dir='ltr'>nihil</span> <span class='ocrx_word' id='word_1_26' title='bbox 374 423 443 487; x_wconf 83' lang='lat' dir='ltr'><strong>possit</strong></span> <span class='ocrx_word' id='word_1_27' title='bbox 454 424 503 471; x_wconf 84' lang='lat' dir='ltr'>sine</span> <span class='ocrx_word' id='word_1_28' title='bbox 513 424 615 488; x_wconf 80' lang='lat' dir='ltr'>pernicie</span> <span class='ocrx_word' id='word_1_29' title='bbox 626 434 650 473; x_wconf 83' lang='lat' dir='ltr'>et</span> <span class='ocrx_word' id='word_1_30' title='bbox 660 422 780 473; x_wconf 78' lang='lat' dir='ltr'>confusione</span> 
     </span>
     <span class='ocr_line' id='line_1_5' title="bbox 122 489 741 540; baseline -0.015 0"><span class='ocrx_word' id='word_1_31' title='bbox 122 492 228 540; x_wconf 88' lang='lat' dir='ltr'>omnium</span> <span class='ocrx_word' id='word_1_32' title='bbox 239 505 323 538; x_wconf 87' lang='lat' dir='ltr'>rerum.</span> <span class='ocrx_word' id='word_1_33' title='bbox 340 489 407 537; x_wconf 82' lang='lat' dir='ltr'>Vale</span> <span class='ocrx_word' id='word_1_34' title='bbox 738 490 741 500; x_wconf 92' lang='lat'>&#39;</span> 
     </span>
    </p>
   </div>
   <div class='ocr_carea' id='block_1_3' title="bbox 120 667 782 802">
    <p class='ocr_par' dir='ltr' id='par_1_3' title="bbox 120 667 782 802">
     <span class='ocr_line' id='line_1_6' title="bbox 120 667 782 740; baseline -0.009 -12"><span class='ocrx_word' id='word_1_35' title='bbox 120 681 175 740; x_wconf 78' lang='lat'><strong>(3.)</strong></span> <span class='ocrx_word' id='word_1_36' title='bbox 191 679 328 728; x_wconf 83' lang='lat' dir='ltr'>BRUTUS</span> <span class='ocrx_word' id='word_1_37' title='bbox 344 678 390 726; x_wconf 84' lang='grc' dir='ltr'>ΕΤ</span> <span class='ocrx_word' id='word_1_38' title='bbox 406 678 553 736; x_wconf 84' lang='lat' dir='ltr'>CASSIUS,</span> <span class='ocrx_word' id='word_1_39' title='bbox 572 675 708 729; x_wconf 80' lang='lat' dir='ltr'>PRAETT.</span> <span class='ocrx_word' id='word_1_40' title='bbox 723 667 782 724; x_wconf 68' lang='grc' dir='ltr'>Μ).ι</span> 
     </span>
     <span class='ocr_line' id='line_1_7' title="bbox 327 742 591 802; baseline -0.004 -10"><span class='ocrx_word' id='word_1_41' title='bbox 327 742 501 802; x_wconf 87' lang='lat' dir='ltr'><strong>ANTONIO,</strong></span> <span class='ocrx_word' id='word_1_42' title='bbox 518 742 591 791; x_wconf 80' lang='lat' dir='ltr'><strong>COS·</strong></span> 
     </span>
    </p>
   </div>
   <div class='ocr_carea' id='block_1_4' title="bbox 121 866 791 1000">
    <p class='ocr_par' dir='ltr' id='par_1_4' title="bbox 121 866 791 1000">
     <span class='ocr_line' id='line_1_8' title="bbox 156 866 783 932; baseline -0.005 -12"><span class='ocrx_word' id='word_1_43' title='bbox 156 873 350 932; x_wconf 75' lang='lat' dir='ltr'><em>(Argumentum.</em></span> <span class='ocrx_word' id='word_1_44' title='bbox 358 898 390 907; x_wconf 92' lang='lat'><em>-</em></span> <span class='ocrx_word' id='word_1_45' title='bbox 399 869 578 931; x_wconf 83' lang='lat' dir='ltr'>Contumeliosis</span> <span class='ocrx_word' id='word_1_46' title='bbox 587 878 611 918; x_wconf 85' lang='lat' dir='ltr'>et</span> <span class='ocrx_word' id='word_1_47' title='bbox 620 868 747 918; x_wconf 70' lang='lat' dir='ltr'>minacius</span> <span class='ocrx_word' id='word_1_48' title='bbox 757 866 783 916; x_wconf 83' lang='lat' dir='ltr'>ii-</span> 
     </span>
     <span class='ocr_line' id='line_1_9' title="bbox 121 922 791 1000; baseline -0.009 -15"><span class='ocrx_word' id='word_1_49' title='bbox 121 937 175 985; x_wconf 86' lang='lat' dir='ltr'>tcris</span> <span class='ocrx_word' id='word_1_50' title='bbox 184 937 283 984; x_wconf 84' lang='lat' dir='ltr'><strong>Antonii</strong></span> <span class='ocrx_word' id='word_1_51' title='bbox 293 935 430 1000; x_wconf 77' lang='lat' dir='ltr'>respondent</span> <span class='ocrx_word' id='word_1_52' title='bbox 438 934 527 982; x_wconf 83' lang='lat' dir='ltr'>fortiter</span> <span class='ocrx_word' id='word_1_53' title='bbox 536 949 564 982; x_wconf 85' lang='lat' dir='ltr'>sc</span> <span class='ocrx_word' id='word_1_54' title='bbox 574 922 708 999; x_wconf 71' lang='lat' dir='ltr'>intrepide)</span> <span class='ocrx_word' id='word_1_55' title='bbox 782 971 791 979; x_wconf 94' lang='lat'><em>.</em></span> 
     </span>
    </p>
   </div>
   <div class='ocr_carea' id='block_1_5' title="bbox 40 1060 782 2667">
    <p class='ocr_par' dir='ltr' id='par_1_5' title="bbox 99 1060 782 2024">
     <span class='ocr_line' id='line_1_10' title="bbox 153 1060 781 1127; baseline 0.005 -15"><span class='ocrx_word' id='word_1_56' title='bbox 153 1060 781 1127; x_wconf 71' lang='lat' dir='ltr'>sv.13.u.1toeratuas1egimus‚rimruimaedioi</span> 
     </span>
     <span class='ocr_line' id='line_1_11' title="bbox 120 1127 782 1192; baseline -0.008 -14"><span class='ocrx_word' id='word_1_57' title='bbox 120 1131 163 1186; x_wconf 86' lang='lat' dir='ltr'>tui,</span> <span class='ocrx_word' id='word_1_58' title='bbox 175 1129 356 1189; x_wconf 83' lang='lat' dir='ltr'>contumeliosas,</span> <span class='ocrx_word' id='word_1_59' title='bbox 367 1129 476 1187; x_wconf 75' lang='lat' dir='ltr'>minaces,</span> <span class='ocrx_word' id='word_1_60' title='bbox 484 1127 581 1175; x_wconf 90' lang='lat' dir='ltr'>minime</span> <span class='ocrx_word' id='word_1_61' title='bbox 587 1127 678 1191; x_wconf 81' lang='lat' dir='ltr'>dignas,</span> <span class='ocrx_word' id='word_1_62' title='bbox 687 1133 782 1192; x_wconf 74' lang='lat' dir='ltr'>queste</span> 
     </span>
     <span class='ocr_line' id='line_1_12' title="bbox 119 1189 781 1252; baseline -0.003 -12"><span class='ocrx_word' id='word_1_63' title='bbox 119 1193 186 1240; x_wconf 87' lang='lat' dir='ltr'>nobis</span> <span class='ocrx_word' id='word_1_64' title='bbox 196 1193 347 1241; x_wconf 85' lang='lat' dir='ltr'>mitterentur.</span> <span class='ocrx_word' id='word_1_65' title='bbox 366 1194 425 1252; x_wconf 90' lang='lat' dir='ltr'>Nos,</span> <span class='ocrx_word' id='word_1_66' title='bbox 437 1192 535 1251; x_wconf 81' lang='lat' dir='ltr'><strong>Antoni,</strong></span> <span class='ocrx_word' id='word_1_67' title='bbox 553 1200 577 1240; x_wconf 89' lang='lat' dir='ltr'>te</span> <span class='ocrx_word' id='word_1_68' title='bbox 595 1192 664 1240; x_wconf 73' lang='lat' dir='ltr'>nulls</span> <span class='ocrx_word' id='word_1_69' title='bbox 675 1189 781 1240; x_wconf 73' lang='lat' dir='ltr'>hoessiri·</span> 
     </span>
     <span class='ocr_line' id='line_1_13' title="bbox 119 1256 781 1322; baseline -0.008 -16"><span class='ocrx_word' id='word_1_70' title='bbox 119 1274 173 1306; x_wconf 90' lang='lat' dir='ltr'>mus</span> <span class='ocrx_word' id='word_1_71' title='bbox 189 1258 283 1319; x_wconf 75' lang='lat' dir='ltr'>injuris,</span> <span class='ocrx_word' id='word_1_72' title='bbox 298 1273 373 1322; x_wconf 89' lang='lat' dir='ltr'>neque</span> <span class='ocrx_word' id='word_1_73' title='bbox 383 1258 521 1305; x_wconf 86' lang='lat' dir='ltr'>miraturum</span> <span class='ocrx_word' id='word_1_74' title='bbox 531 1256 680 1315; x_wconf 80' lang='lat' dir='ltr'>credidimus,</span> <span class='ocrx_word' id='word_1_75' title='bbox 692 1256 719 1316; x_wconf 89' lang='lat' dir='ltr'>si,</span> <span class='ocrx_word' id='word_1_76' title='bbox 730 1270 781 1319; x_wconf 80' lang='lat' dir='ltr'>prn-</span> 
     </span>
     <span class='ocr_line' id='line_1_14' title="bbox 120 1320 781 1386; baseline 0 -18"><span class='ocrx_word' id='word_1_77' title='bbox 120 1331 188 1382; x_wconf 86' lang='lat' dir='ltr'>tores,</span> <span class='ocrx_word' id='word_1_78' title='bbox 199 1331 222 1370; x_wconf 89' lang='lat' dir='ltr'>et</span> <span class='ocrx_word' id='word_1_79' title='bbox 233 1320 260 1371; x_wconf 72' lang='lat' dir='ltr'>ei</span> <span class='ocrx_word' id='word_1_80' title='bbox 269 1323 380 1386; x_wconf 72' lang='lat' dir='ltr'>dignitate</span> <span class='ocrx_word' id='word_1_81' title='bbox 390 1321 503 1378; x_wconf 88' lang='lat' dir='ltr'>homiues,</span> <span class='ocrx_word' id='word_1_82' title='bbox 520 1320 609 1384; x_wconf 72' lang='lat' dir='ltr'>aliquid</span> <span class='ocrx_word' id='word_1_83' title='bbox 627 1320 701 1368; x_wconf 86' lang='lat' dir='ltr'>edicto</span> <span class='ocrx_word' id='word_1_84' title='bbox 710 1328 781 1384; x_wconf 82' lang='lat' dir='ltr'>postu-</span> 
     </span>
     <span class='ocr_line' id='line_1_15' title="bbox 119 1383 781 1447; baseline -0.003 -14"><span class='ocrx_word' id='word_1_85' title='bbox 119 1386 229 1434; x_wconf 78' lang='lat' dir='ltr'>lissemur</span> <span class='ocrx_word' id='word_1_86' title='bbox 244 1389 367 1436; x_wconf 83' lang='lat' dir='ltr'>aoonsule.</span> <span class='ocrx_word' id='word_1_87' title='bbox 390 1386 460 1445; x_wconf 83' lang='lat' dir='ltr'>Quod</span> <span class='ocrx_word' id='word_1_88' title='bbox 475 1385 494 1432; x_wconf 92' lang='lat' dir='ltr'>si</span> <span class='ocrx_word' id='word_1_89' title='bbox 512 1383 649 1447; x_wconf 75' lang='lat' dir='ltr'>indignaris,</span> <span class='ocrx_word' id='word_1_90' title='bbox 665 1400 731 1432; x_wconf 85' lang='lat' dir='ltr'>ausos</span> <span class='ocrx_word' id='word_1_91' title='bbox 741 1397 781 1431; x_wconf 85' lang='lat' dir='ltr'>esse</span> 
     </span>
     <span class='ocr_line' id='line_1_16' title="bbox 119 1448 781 1512; baseline -0.005 -14"><span class='ocrx_word' id='word_1_92' title='bbox 119 1451 145 1498; x_wconf 91' lang='lat' dir='ltr'>id</span> <span class='ocrx_word' id='word_1_93' title='bbox 154 1451 235 1510; x_wconf 83' lang='lat' dir='ltr'>facere,</span> <span class='ocrx_word' id='word_1_94' title='bbox 247 1453 343 1501; x_wconf 81' lang='lat' dir='ltr'>concede</span> <span class='ocrx_word' id='word_1_95' title='bbox 350 1451 424 1509; x_wconf 87' lang='lat' dir='ltr'>nobis,</span> <span class='ocrx_word' id='word_1_96' title='bbox 433 1458 460 1497; x_wconf 88' lang='lat' dir='ltr'>ut</span> <span class='ocrx_word' id='word_1_97' title='bbox 467 1449 595 1508; x_wconf 85' lang='lat' dir='ltr'>doleamus,</span> <span class='ocrx_word' id='word_1_98' title='bbox 602 1463 633 1496; x_wconf 92' lang='lat' dir='ltr'>ne</span> <span class='ocrx_word' id='word_1_99' title='bbox 643 1449 687 1496; x_wconf 90' lang='lat' dir='ltr'>hoc</span> <span class='ocrx_word' id='word_1_100' title='bbox 695 1448 781 1512; x_wconf 85' lang='lat' dir='ltr'>quidem</span> 
     </span>
     <span class='ocr_line' id='line_1_17' title="bbox 119 1511 780 1566; baseline -0.005 -3"><span class='ocrx_word' id='word_1_101' title='bbox 119 1519 161 1564; x_wconf 84' lang='lat' dir='ltr'>abs</span> <span class='ocrx_word' id='word_1_102' title='bbox 172 1524 195 1564; x_wconf 89' lang='lat' dir='ltr'>te</span> <span class='ocrx_word' id='word_1_103' title='bbox 205 1517 280 1566; x_wconf 88' lang='lat' dir='ltr'>Bruto</span> <span class='ocrx_word' id='word_1_104' title='bbox 291 1526 314 1565; x_wconf 89' lang='lat' dir='ltr'>et</span> <span class='ocrx_word' id='word_1_105' title='bbox 324 1516 403 1565; x_wconf 85' lang='lat' dir='ltr'>Cassio</span> <span class='ocrx_word' id='word_1_106' title='bbox 412 1513 490 1565; x_wconf 76' lang='lat' dir='ltr'>tribui</span> <span class='ocrx_word' id='word_1_107' title='bbox 506 1514 570 1560; x_wconf 87' lang='lat' dir='ltr'>Nam</span> <span class='ocrx_word' id='word_1_108' title='bbox 578 1511 607 1560; x_wconf 92' lang='lat' dir='ltr'>de</span> <span class='ocrx_word' id='word_1_109' title='bbox 614 1511 780 1562; x_wconf 77' lang='lat' dir='ltr'>delentibushs·</span> 
     </span>
     <span class='ocr_line' id='line_1_18' title="bbox 120 1577 780 1644; baseline -0.009 -15"><span class='ocrx_word' id='word_1_110' title='bbox 120 1582 182 1636; x_wconf 87' lang='lat' dir='ltr'>bitis,</span> <span class='ocrx_word' id='word_1_111' title='bbox 194 1589 217 1628; x_wconf 88' lang='lat' dir='ltr'>et</span> <span class='ocrx_word' id='word_1_112' title='bbox 227 1581 329 1644; x_wconf 89' lang='lat' dir='ltr'>pecuniis</span> <span class='ocrx_word' id='word_1_113' title='bbox 337 1579 464 1642; x_wconf 85' lang='lat' dir='ltr'>imperatis,</span> <span class='ocrx_word' id='word_1_114' title='bbox 474 1577 612 1626; x_wconf 76' lang='lat' dir='ltr'>exercitibus</span> <span class='ocrx_word' id='word_1_115' title='bbox 623 1577 780 1636; x_wconf 71' lang='lat' dir='ltr'>sollidtadaet</span> 
     </span>
     <span class='ocr_line' id='line_1_19' title="bbox 119 1641 779 1705; baseline -0.006 -13"><span class='ocrx_word' id='word_1_116' title='bbox 119 1645 206 1692; x_wconf 87' lang='lat' dir='ltr'>nuntiis</span> <span class='ocrx_word' id='word_1_117' title='bbox 216 1654 278 1694; x_wconf 82' lang='lat' dir='ltr'>trans</span> <span class='ocrx_word' id='word_1_118' title='bbox 288 1661 351 1692; x_wconf 83' lang='lat' dir='ltr'>mare</span> <span class='ocrx_word' id='word_1_119' title='bbox 362 1643 444 1701; x_wconf 87' lang='lat' dir='ltr'>missis,</span> <span class='ocrx_word' id='word_1_120' title='bbox 459 1641 522 1705; x_wconf 91' lang='lat' dir='ltr'>quod</span> <span class='ocrx_word' id='word_1_121' title='bbox 533 1650 555 1688; x_wconf 90' lang='lat' dir='ltr'>te</span> <span class='ocrx_word' id='word_1_122' title='bbox 566 1651 675 1705; x_wconf 90' lang='lat' dir='ltr'>questum</span> <span class='ocrx_word' id='word_1_123' title='bbox 687 1659 734 1691; x_wconf 85' lang='lat' dir='ltr'>esse</span> <span class='ocrx_word' id='word_1_124' title='bbox 745 1655 779 1689; x_wconf 89' lang='lat' dir='ltr'>ne·</span> 
     </span>
     <span class='ocr_line' id='line_1_20' title="bbox 117 1705 778 1772; baseline -0.005 -15"><span class='ocrx_word' id='word_1_125' title='bbox 117 1725 174 1770; x_wconf 51' lang='grc' dir='ltr'>ἕως</span> <span class='ocrx_word' id='word_1_126' title='bbox 191 1724 233 1756; x_wconf 89' lang='lat' dir='ltr'>uos</span> <span class='ocrx_word' id='word_1_127' title='bbox 244 1709 337 1772; x_wconf 88' lang='lat' dir='ltr'>quidem</span> <span class='ocrx_word' id='word_1_128' title='bbox 346 1708 388 1755; x_wconf 88' lang='lat' dir='ltr'>tibi</span> <span class='ocrx_word' id='word_1_129' title='bbox 398 1707 521 1763; x_wconf 87' lang='lat' dir='ltr'>credimus,</span> <span class='ocrx_word' id='word_1_130' title='bbox 532 1705 621 1768; x_wconf 87' lang='lat' dir='ltr'>optimo</span> <span class='ocrx_word' id='word_1_131' title='bbox 632 1707 711 1756; x_wconf 84' lang='lat' dir='ltr'>anirno</span> <span class='ocrx_word' id='word_1_132' title='bbox 721 1715 742 1756; x_wconf 90' lang='lat' dir='ltr'>te</span> <span class='ocrx_word' id='word_1_133' title='bbox 750 1707 778 1754; x_wconf 83' lang='lat' dir='ltr'>ie·</span> 
     </span>
     <span class='ocr_line' id='line_1_21' title="bbox 116 1770 777 1836; baseline 0.002 -17"><span class='ocrx_word' id='word_1_134' title='bbox 116 1773 187 1819; x_wconf 84' lang='lat' dir='ltr'>cisse:</span> <span class='ocrx_word' id='word_1_135' title='bbox 205 1773 245 1819; x_wconf 89' lang='lat' dir='ltr'>sed</span> <span class='ocrx_word' id='word_1_136' title='bbox 255 1781 333 1820; x_wconf 84' lang='lat' dir='ltr'>tamen</span> <span class='ocrx_word' id='word_1_137' title='bbox 349 1786 424 1834; x_wconf 90' lang='lat' dir='ltr'>neque</span> <span class='ocrx_word' id='word_1_138' title='bbox 440 1770 586 1833; x_wconf 74' lang='lat' dir='ltr'>agnoscimus</span> <span class='ocrx_word' id='word_1_139' title='bbox 601 1771 731 1836; x_wconf 82' lang='lat' dir='ltr'>quidquam</span> <span class='ocrx_word' id='word_1_140' title='bbox 746 1787 777 1819; x_wconf 87' lang='lat' dir='ltr'>ec·</span> 
     </span>
     <span class='ocr_line' id='line_1_22' title="bbox 116 1834 776 1900; baseline 0.003 -19"><span class='ocrx_word' id='word_1_141' title='bbox 116 1851 185 1890; x_wconf 79' lang='lat' dir='ltr'>rum3</span> <span class='ocrx_word' id='word_1_142' title='bbox 203 1845 226 1882; x_wconf 87' lang='lat' dir='ltr'>et</span> <span class='ocrx_word' id='word_1_143' title='bbox 235 1844 258 1882; x_wconf 89' lang='lat' dir='ltr'>te</span> <span class='ocrx_word' id='word_1_144' title='bbox 266 1836 387 1892; x_wconf 86' lang='lat' dir='ltr'>miramur,</span> <span class='ocrx_word' id='word_1_145' title='bbox 395 1850 450 1882; x_wconf 89' lang='lat' dir='ltr'>cum</span> <span class='ocrx_word' id='word_1_146' title='bbox 460 1835 510 1882; x_wconf 83' lang='lat' dir='ltr'>haec</span> <span class='ocrx_word' id='word_1_147' title='bbox 524 1834 649 1893; x_wconf 81' lang='lat' dir='ltr'>reticueris,</span> <span class='ocrx_word' id='word_1_148' title='bbox 660 1849 708 1883; x_wconf 90' lang='lat' dir='ltr'>non</span> <span class='ocrx_word' id='word_1_149' title='bbox 717 1844 776 1900; x_wconf 76' lang='lat' dir='ltr'>pom·</span> 
     </span>
     <span class='ocr_line' id='line_1_23' title="bbox 99 1898 775 1962; baseline 0.007 -17"><span class='ocrx_word' id='word_1_150' title='bbox 99 1923 102 1929; x_wconf 79' lang='lat'><em>‚</em></span> <span class='ocrx_word' id='word_1_151' title='bbox 113 1898 157 1945; x_wconf 88' lang='lat' dir='ltr'>isse</span> <span class='ocrx_word' id='word_1_152' title='bbox 168 1899 281 1947; x_wconf 86' lang='lat' dir='ltr'>continere</span> <span class='ocrx_word' id='word_1_153' title='bbox 291 1899 433 1947; x_wconf 87' lang='lat' dir='ltr'>iracundiam</span> <span class='ocrx_word' id='word_1_154' title='bbox 444 1907 518 1958; x_wconf 86' lang='lat' dir='ltr'>tuam,</span> <span class='ocrx_word' id='word_1_155' title='bbox 530 1898 587 1962; x_wconf 89' lang='lat' dir='ltr'>quin</span> <span class='ocrx_word' id='word_1_156' title='bbox 594 1899 662 1948; x_wconf 82' lang='lat' dir='ltr'>nobis</span> <span class='ocrx_word' id='word_1_157' title='bbox 672 1901 702 1949; x_wconf 91' lang='lat' dir='ltr'>de</span> <span class='ocrx_word' id='word_1_158' title='bbox 711 1910 775 1950; x_wconf 78' lang='lat' dir='ltr'>morte</span> 
     </span>
     <span class='ocr_line' id='line_1_24' title="bbox 115 1962 335 2024; baseline 0.009 -15"><span class='ocrx_word' id='word_1_159' title='bbox 115 1962 211 2009; x_wconf 81' lang='lat' dir='ltr'>Caesaris</span> <span class='ocrx_word' id='word_1_160' title='bbox 221 1964 335 2024; x_wconf 85' lang='lat' dir='ltr'>objiceres.</span> 
     </span>
    </p>

    <p class='ocr_par' dir='ltr' id='par_1_6' title="bbox 41 2026 774 2523">
     <span class='ocr_line' id='line_1_25' title="bbox 147 2026 774 2091; baseline 0.008 -18"><span class='ocrx_word' id='word_1_161' title='bbox 147 2026 210 2073; x_wconf 86' lang='lat' dir='ltr'>Illud</span> <span class='ocrx_word' id='word_1_162' title='bbox 221 2043 274 2076; x_wconf 85' lang='lat' dir='ltr'>vero</span> <span class='ocrx_word' id='word_1_163' title='bbox 285 2027 481 2091; x_wconf 88' lang='lat' dir='ltr'>quemadmodum</span> <span class='ocrx_word' id='word_1_164' title='bbox 498 2027 619 2076; x_wconf 85' lang='lat' dir='ltr'>ferendum</span> <span class='ocrx_word' id='word_1_165' title='bbox 634 2030 672 2090; x_wconf 86' lang='lat' dir='ltr'>sit,</span> <span class='ocrx_word' id='word_1_166' title='bbox 688 2039 774 2079; x_wconf 76' lang='lat' dir='ltr'>tutacu-</span> 
     </span>
     <span class='ocr_line' id='line_1_26' title="bbox 111 2090 773 2155; baseline 0.012 -19"><span class='ocrx_word' id='word_1_167' title='bbox 111 2090 174 2153; x_wconf 76' lang='lat' dir='ltr'>giu:</span> <span class='ocrx_word' id='word_1_168' title='bbox 192 2105 239 2138; x_wconf 89' lang='lat' dir='ltr'>non</span> <span class='ocrx_word' id='word_1_169' title='bbox 253 2092 320 2140; x_wconf 88' lang='lat' dir='ltr'>licere</span> <span class='ocrx_word' id='word_1_170' title='bbox 334 2092 477 2155; x_wconf 84' lang='lat' dir='ltr'>praetoribus,</span> <span class='ocrx_word' id='word_1_171' title='bbox 495 2093 620 2140; x_wconf 72' lang='lat' dir='ltr'>concordie</span> <span class='ocrx_word' id='word_1_172' title='bbox 630 2109 658 2142; x_wconf 87' lang='lat' dir='ltr'>ac</span> <span class='ocrx_word' id='word_1_173' title='bbox 673 2093 773 2144; x_wconf 67' lang='lat' dir='ltr'>fluenta</span> 
     </span>
     <span class='ocr_line' id='line_1_27' title="bbox 41 2153 772 2222; baseline 0.008 -20"><span class='ocrx_word' id='word_1_174' title='bbox 41 2160 44 2168; x_wconf 82' lang='grc'><strong>’</strong></span> <span class='ocrx_word' id='word_1_175' title='bbox 112 2153 190 2212; x_wconf 74' lang='lat' dir='ltr'>causi,</span> <span class='ocrx_word' id='word_1_176' title='bbox 202 2171 243 2216; x_wconf 89' lang='lat' dir='ltr'>per</span> <span class='ocrx_word' id='word_1_177' title='bbox 254 2156 354 2204; x_wconf 87' lang='lat' dir='ltr'>edictum</span> <span class='ocrx_word' id='word_1_178' title='bbox 365 2155 394 2204; x_wconf 90' lang='lat' dir='ltr'>de</span> <span class='ocrx_word' id='word_1_179' title='bbox 404 2172 446 2204; x_wconf 86' lang='lat' dir='ltr'>suo</span> <span class='ocrx_word' id='word_1_180' title='bbox 455 2157 507 2216; x_wconf 90' lang='lat' dir='ltr'>jure</span> <span class='ocrx_word' id='word_1_181' title='bbox 515 2156 631 2217; x_wconf 81' lang='lat' dir='ltr'>decedere,</span> <span class='ocrx_word' id='word_1_182' title='bbox 638 2158 696 2222; x_wconf 91' lang='lat' dir='ltr'>quin</span> <span class='ocrx_word' id='word_1_183' title='bbox 704 2156 772 2208; x_wconf 82' lang='lat' dir='ltr'>consul</span> 
     </span>
     <span class='ocr_line' id='line_1_28' title="bbox 110 2218 772 2286; baseline 0.005 -21"><span class='ocrx_word' id='word_1_184' title='bbox 110 2233 176 2266; x_wconf 85' lang='lat' dir='ltr'>arma</span> <span class='ocrx_word' id='word_1_185' title='bbox 185 2218 294 2266; x_wconf 88' lang='lat' dir='ltr'>minetur.</span> <span class='ocrx_word' id='word_1_186' title='bbox 312 2219 421 2279; x_wconf 86' lang='lat' dir='ltr'>Quorum</span> <span class='ocrx_word' id='word_1_187' title='bbox 438 2220 522 2268; x_wconf 74' lang='lat' dir='ltr'>fiducii</span> <span class='ocrx_word' id='word_1_188' title='bbox 536 2221 596 2270; x_wconf 89' lang='lat' dir='ltr'>nihil</span> <span class='ocrx_word' id='word_1_189' title='bbox 611 2231 645 2271; x_wconf 85' lang='lat' dir='ltr'>est</span> <span class='ocrx_word' id='word_1_190' title='bbox 661 2223 724 2286; x_wconf 89' lang='lat' dir='ltr'>quod</span> <span class='ocrx_word' id='word_1_191' title='bbox 738 2235 772 2271; x_wconf 82' lang='lat' dir='ltr'>nos</span> 
     </span>
     <span class='ocr_line' id='line_1_29' title="bbox 110 2283 771 2352; baseline 0.009 -22"><span class='ocrx_word' id='word_1_192' title='bbox 110 2291 200 2330; x_wconf 74' lang='lat' dir='ltr'>terreas</span> <span class='ocrx_word' id='word_1_193' title='bbox 219 2283 303 2346; x_wconf 88' lang='lat' dir='ltr'>Neque</span> <span class='ocrx_word' id='word_1_194' title='bbox 314 2283 376 2332; x_wconf 87' lang='lat' dir='ltr'>enim</span> <span class='ocrx_word' id='word_1_195' title='bbox 386 2283 458 2345; x_wconf 86' lang='lat' dir='ltr'>decet,</span> <span class='ocrx_word' id='word_1_196' title='bbox 467 2294 509 2332; x_wconf 87' lang='lat' dir='ltr'>aut</span> <span class='ocrx_word' id='word_1_197' title='bbox 519 2285 626 2334; x_wconf 85' lang='lat' dir='ltr'>convenit</span> <span class='ocrx_word' id='word_1_198' title='bbox 635 2287 711 2347; x_wconf 89' lang='lat' dir='ltr'>nobis,</span> <span class='ocrx_word' id='word_1_199' title='bbox 721 2285 771 2352; x_wconf 79' lang='lat' dir='ltr'>pei·</span> 
     </span>
     <span class='ocr_line' id='line_1_30' title="bbox 110 2347 771 2415; baseline 0.005 -20"><span class='ocrx_word' id='word_1_200' title='bbox 110 2347 163 2395; x_wconf 87' lang='lat' dir='ltr'>culo</span> <span class='ocrx_word' id='word_1_201' title='bbox 180 2347 223 2394; x_wconf 91' lang='lat' dir='ltr'>ulli</span> <span class='ocrx_word' id='word_1_202' title='bbox 240 2348 374 2396; x_wconf 86' lang='lat' dir='ltr'>submittere</span> <span class='ocrx_word' id='word_1_203' title='bbox 391 2348 497 2396; x_wconf 88' lang='lat' dir='ltr'>animum</span> <span class='ocrx_word' id='word_1_204' title='bbox 516 2356 637 2407; x_wconf 73' lang='lat' dir='ltr'>nostrum</span> <span class='ocrx_word' id='word_1_205' title='bbox 654 2365 729 2415; x_wconf 88' lang='lat' dir='ltr'>neque</span> <span class='ocrx_word' id='word_1_206' title='bbox 744 2356 771 2398; x_wconf 84' lang='lat' dir='ltr'>est</span> 
     </span>
     <span class='ocr_line' id='line_1_31' title="bbox 108 2411 771 2522; baseline 0.012 -65"><span class='ocrx_word' id='word_1_207' title='bbox 108 2411 215 2522; x_wconf 65' lang='lat' dir='ltr'>lriiutonio</span> <span class='ocrx_word' id='word_1_208' title='bbox 226 2412 398 2475; x_wconf 80' lang='lat' dir='ltr'>postulandum,</span> <span class='ocrx_word' id='word_1_209' title='bbox 407 2422 434 2460; x_wconf 88' lang='lat' dir='ltr'>ut</span> <span class='ocrx_word' id='word_1_210' title='bbox 444 2413 472 2460; x_wconf 91' lang='lat' dir='ltr'>iis</span> <span class='ocrx_word' id='word_1_211' title='bbox 482 2412 588 2476; x_wconf 85' lang='lat' dir='ltr'>imperet,</span> <span class='ocrx_word' id='word_1_212' title='bbox 600 2431 702 2478; x_wconf 91' lang='lat' dir='ltr'>quorum</span> <span class='ocrx_word' id='word_1_213' title='bbox 712 2411 771 2478; x_wconf 75' lang='lat' dir='ltr'>operi</span> 
     </span>
     <span class='ocr_line' id='line_1_32' title="bbox 127 2477 219 2523; baseline 0.011 -1"><span class='ocrx_word' id='word_1_214' title='bbox 127 2477 167 2522; x_wconf 88' lang='lat' dir='ltr'>ber</span> <span class='ocrx_word' id='word_1_215' title='bbox 178 2485 219 2523; x_wconf 82' lang='lat' dir='ltr'>est.</span> 
     </span>
    </p>

    <p class='ocr_par' dir='ltr' id='par_1_7' title="bbox 40 2538 769 2667">
     <span class='ocr_line' id='line_1_33' title="bbox 141 2538 769 2600; baseline 0.006 -14"><span class='ocrx_word' id='word_1_216' title='bbox 141 2539 192 2587; x_wconf 90' lang='lat' dir='ltr'>Nos</span> <span class='ocrx_word' id='word_1_217' title='bbox 203 2540 222 2588; x_wconf 86' lang='lat' dir='ltr'>si</span> <span class='ocrx_word' id='word_1_218' title='bbox 233 2541 278 2590; x_wconf 86' lang='lat' dir='ltr'>ulia</span> <span class='ocrx_word' id='word_1_219' title='bbox 288 2541 440 2600; x_wconf 77' lang='lat' dir='ltr'>hortarentur,</span> <span class='ocrx_word' id='word_1_220' title='bbox 456 2550 482 2589; x_wconf 93' lang='lat' dir='ltr'>ut</span> <span class='ocrx_word' id='word_1_221' title='bbox 496 2538 584 2590; x_wconf 85' lang='lat' dir='ltr'>bellum</span> <span class='ocrx_word' id='word_1_222' title='bbox 595 2543 663 2592; x_wconf 87' lang='lat' dir='ltr'>civile</span> <span class='ocrx_word' id='word_1_223' title='bbox 674 2544 769 2592; x_wconf 74' lang='lat' dir='ltr'>suscitare</span> 
     </span>
     <span class='ocr_line' id='line_1_34' title="bbox 40 2605 767 2667; baseline 0.003 -15"><span class='ocrx_word' id='word_1_224' title='bbox 40 2628 44 2632; x_wconf 44' lang='lat'><strong><em>³</em></strong></span> <span class='ocrx_word' id='word_1_225' title='bbox 95 2605 231 2667; x_wconf 61' lang='lat' dir='ltr'>vellemus,</span> <span class='ocrx_word' id='word_1_226' title='bbox 246 2607 321 2656; x_wconf 83' lang='lat' dir='ltr'>iitcree</span> <span class='ocrx_word' id='word_1_227' title='bbox 337 2615 384 2662; x_wconf 77' lang='lat' dir='ltr'>tura</span> <span class='ocrx_word' id='word_1_228' title='bbox 395 2607 456 2654; x_wconf 69' lang='lat' dir='ltr'>nutu</span> <span class='ocrx_word' id='word_1_229' title='bbox 468 2605 609 2667; x_wconf 75' lang='lat' dir='ltr'>qrodcerent.</span> <span class='ocrx_word' id='word_1_230' title='bbox 628 2609 703 2657; x_wconf 80' lang='lat' dir='ltr'>Nulla</span> <span class='ocrx_word' id='word_1_231' title='bbox 716 2605 767 2656; x_wconf 75' lang='lat' dir='ltr'>etim</span> 
     </span>
    </p>
   </div>
   <div class='ocr_carea' id='block_1_6' title="bbox 95 2667 769 2738">
    <p class='ocr_par' dir='ltr' id='par_1_8' title="bbox 95 2667 769 2738">
     <span class='ocr_line' id='line_1_35' title="bbox 95 2667 769 2738; baseline -0.004 -18"><span class='ocrx_word' id='word_1_232' title='bbox 95 2667 221 2725; x_wconf 79' lang='lat' dir='ltr'>minantis</span> <span class='ocrx_word' id='word_1_233' title='bbox 233 2672 361 2726; x_wconf 74' lang='lat' dir='ltr'>auctoritas</span> <span class='ocrx_word' id='word_1_234' title='bbox 371 2670 529 2736; x_wconf 71' lang='lat' dir='ltr'>uqudidrcrcs</span> <span class='ocrx_word' id='word_1_235' title='bbox 538 2675 580 2715; x_wconf 71' lang='lat' dir='ltr'>est.</span> <span class='ocrx_word' id='word_1_236' title='bbox 593 2669 769 2738; x_wconf 56' lang='lat' dir='ltr'>§enqxneruen</span> 
     </span>
    </p>
   </div>
   <div class='ocr_carea' id='block_1_7' title="bbox 0 0 830 2948">
    <p class='ocr_par' dir='ltr' id='par_1_9' title="bbox 0 0 830 2948">
     <span class='ocr_line' id='line_1_36' title="bbox 0 0 830 2948; baseline 0 2"><span class='ocrx_word' id='word_1_237' title='bbox 0 0 830 2948; x_wconf 95' lang='lat' dir='ltr'> </span> 
     </span>
    </p>
   </div>
  </div>
 </body>
</html>
