1650 2948
174 128 225 180 AD
240 130 417 184 DIVERSO&
434 135 495 183 bra.
507 131 594 190 11.1r.
684 136 714 182 bl

56 256 79 302 in
87 256 178 304 easdem
191 260 322 308 solitudines
336 270 363 309 tu
374 262 423 324 ipae
433 266 472 316 (ut
480 263 586 320 arbitror)
602 262 686 320 venies,
695 263 720 309 in

53 320 139 382 qmbus
149 336 192 369 nos
202 324 326 372 consedisse
333 326 418 374 audies.

84 385 132 433 Sed
143 400 186 448 ego
196 386 289 436 fortasse
299 389 422 438 vaticinorr
439 397 463 436 et
472 389 606 438 haecomnia
615 390 721 438 meliores

53 447 261 500 babebuutexims.
271 453 624 518 Rmordorenimdesperstiones
630 469 720 513 eorum,

56 512 97 574 qui
112 527 179 561 senes
194 525 266 574 erent,
284 516 423 566 adolescente
441 533 485 566 me.
510 519 558 566 Eos
570 534 613 581 ego
626 518 721 565 formasa

56 589 119 624 nune
128 576 216 637 imitor,
227 587 251 627 et
261 591 313 629 uror
326 582 398 630 artatis
408 581 469 630 vitio.
491 582 569 630 Velim
580 583 613 630 ita
623 583 659 630 sit.
674 581 721 630 Sed

56 647 143 699 tanen,
153 650 231 704 togam
239 653 373 706 preteream
382 645 518 710 texiOppio‚
526 656 581 709 puto
588 656 610 694 te
617 647 720 695 audisset

57 717 111 751 nam
123 706 222 754 Curtius
232 716 307 756 noster
317 709 445 773 dibaphum
455 710 555 772 eogitatz
572 710 610 758 sed
621 726 674 757 eum
683 710 720 756 in-

58 766 248 819 fectormoratur.
265 772 318 820 Hoc
420 774 425 784 '
443 774 603 831 utseires,me
613 773 721 821 tamenin

60 833 175 881 stomacho
185 834 343 884 solereridere.
398 837 488 885 labellsr
499 837 561 899 quod
571 837 657 900 scripsi,
669 853 722 884 sua·

60 894 100 943 deo
111 896 199 958 videns,
210 907 329 962 tamquam
341 901 360 948 si
370 910 411 948 tua
425 917 461 948 res
472 909 560 964 agatur.
582 899 722 947 Extremum

59 957 115 1007 sslnd
125 961 183 1009 erit:
202 976 245 1011 nos
255 963 314 1011 nibil
323 966 472 1024 turbulenter,
484 964 543 1012 nibil
552 973 644 1022 temere,
655 963 724 1011 faeie-

60 1036 116 1071 mns.
144 1025 182 1073 'l'e
199 1034 275 1074 tamen
288 1036 392 1087 'oramus
408 1030 592 1093 quibuscumque
601 1029 686 1076 erimus
699 1027 724 1074 in

60 1089 130 1148 terris,
141 1097 169 1137 nt
179 1105 222 1138 nos
232 1092 360 1155 liberosque
370 1102 458 1141 nostros
468 1091 501 1141 ita
510 1101 596 1153 tueare,
607 1102 635 1140 ut
644 1091 724 1140 ernisi-

60 1150 175 1203 ienoetra
185 1162 208 1202 et
218 1163 260 1204 tua
269 1155 325 1205 fides
334 1157 467 1220 postulabit.
482 1158 550 1206 vua

60 1342 124 1406 (ιι.)
141 1345 180 1397 m
191 1346 223 1396 τ.
234 1345 263 1398 c.
280 1347 350 1398 ιιιι.
363 1347 509 1399 omnmo
527 1344 724 1402 sannusrro,

221 1412 485 1475 rnoounsrom,
503 1415 528 1462 s.
539 1415 572 1461 n.

89 1534 440 1597 (Argentoratum-Sallustii,
447 1535 489 1599 qui
495 1533 576 1582 Bnun
585 1532 726 1597 proconsulis

60 1600 132 1663 Syrie
137 1607 239 1662 questor
249 1607 305 1659 erat,
316 1599 376 1648 binis
383 1599 455 1647 literis
464 1597 593 1661 respondet,
604 1597 726 1660 prioribus,

61 1663 89 1711 sd
105 1656 199 1726 singula
209 1678 236 1710 eo
252 1663 331 1711 ordine
346 1680 393 1727 quo
406 1670 540 1727 rogaverat:
557 1661 730 1725 posterioribus,

58 1727 557 1856 wengiu
567 1725 726 1775 emm

206 1825 214 1848 θ

88 1919 182 1967 literas
196 1928 243 1967 ate
255 1919 314 1966 mihi
327 1927 397 1966 stator
409 1927 462 1966 tuus
478 1918 577 1966 reddidit
592 1917 660 1967 'l'srsi
670 1935 691 1965 a·
700 1917 724 1966 d.

59 1983 122 2031 xvi
138 1983 253 2032 calendas
265 1983 368 2031 Sextiles.
392 1983 438 2030 His
449 1998 490 2045 ego
500 1982 587 2042 ordine,
599 1991 626 2030 ut
637 1982 719 2030 videris

59 2048 125 2106 velle,
141 2047 290 2110 respondebo.
313 2047 351 2094 De
367 2062 493 2094 successore
504 2061 556 2094 meo
569 2046 627 2093 nihil
637 2046 723 2104 audivi,

58 2125 99 2159 nec
112 2126 255 2175 quenquam
273 2111 322 2158 fore
337 2111 439 2158 arbitror.
456 2110 521 2170 Quin
539 2110 569 2157 ad
585 2109 646 2157 diem
660 2111 725 2158 dece·

58 2174 121 2233 dam,
131 2175 200 2222 nulla
209 2190 279 2223 eausa
288 2184 331 2233 est,
347 2173 472 2238 presertim
488 2175 577 2222 sublato
592 2184 654 2222 metu
667 2176 724 2221 Par-

57 2238 126 2286 tbioo.
145 2238 351 2288 commoraturum
367 2254 405 2287 me
421 2253 536 2300 nusquam
551 2253 605 2285 sane
621 2239 724 2286 arbitror.

57 2303 180 2362 Rhodum,
196 2304 333 2351 Ciceronum
350 2303 419 2353 aust
433 2317 565 2366 puerorum,
583 2317 725 2350 accessurum

56 2376 127 2428 putor
153 2382 231 2430 neque
245 2366 270 2414 id
287 2376 364 2416 tamen
381 2374 475 2414 certum
506 2366 547 2413 Ad
567 2367 655 2414 Urbem
673 2366 725 2411 volo

55 2431 242 2494 quamprimum
256 2430 347 2479 sarire:
365 2430 404 2478 sed
415 2437 492 2478 tamen
502 2431 545 2477 iter
559 2445 638 2477 meum
649 2428 727 2490 reipu-

56 2494 120 2543 blice
128 2504 152 2543 et
163 2511 242 2544 rerum
253 2497 391 2542 urbanarum
404 2494 461 2541 ratio
471 2494 615 2556 gubemabit.
632 2495 728 2540 Succes-

57 2572 91 2607 sor
101 2568 212 2610 tuusnon
220 2566 294 2622 potest
301 2559 334 2605 ita
341 2566 456 2605 maturare
466 2558 514 2605 ullo
525 2557 606 2619 modo,
615 2565 645 2605 ut
650 2564 681 2603 tu
688 2567 732 2600 me

57 2620 80 2670 iu
84 2621 150 2680 ,ut
159 2622 235 2685 possis
250 2622 373 2672 eonvenite.
397 2622 439 2689 De
450 2623 585 2676 rationibus
603 2619 750 2680 retexenda,
