1650 2948
145 208 149 212 ’
192 195 243 243 AD
260 196 437 244 DIVERSOS.
455 196 513 242 Lrn.

93 325 232 372 alienissimo
253 326 319 384 mihi,
338 334 361 372 et
377 333 469 388 propter
485 323 533 371 omi

93 532 145 565 sam
160 516 331 565 inimicitiarum
348 532 448 580 quarere
464 516 547 565 clamita

93 581 234 693 inomni
246 581 324 630 minus
336 580 485 639 satisfecisset,
495 580 551 644 peri

180 645 186 656 ‘
209 660 262 692 eum
273 653 417 693 oonssotarsr.
440 645 523 693 Portos
536 659 554 690 n

94 723 145 758 sere
156 709 238 756 Polrrn
249 709 363 769 Servium,
374 719 536 767 aorusatorem,
547 709 559 754 it

95 773 237 822 tiooonsilia.
261 772 354 832 Quibus
366 789 419 822 aum
432 788 515 837 pamm
525 787 563 835 pro

95 837 148 900 lege
158 837 216 884 mihi
229 846 340 901 ponerent
351 845 513 895 moratorem,
528 851 567 883 wo

96 915 137 949 me
146 902 275 959 volnsnrnt,
286 902 334 965 qui
344 902 417 950 dioere
427 916 473 949 non
484 908 571 964 poterat

130 965 307 1014 Insolentissimi
316 966 428 1025 hominos,
440 965 538 1013 summis
548 964 576 1012 ei

96 1029 163 1088 meis,
181 1029 345 1093 postulandum
361 1045 400 1078 ms
413 1031 463 1093 lege
479 1028 580 1078 Scantini

96 1093 141 1142 lroc
151 1102 199 1142 erat
209 1094 268 1142 Pola
283 1095 393 1156 elocutus,
408 1109 463 1142 cum
475 1109 518 1156 ego
527 1093 584 1157 App

97 1157 180 1206 sidem
194 1159 245 1222 lege
261 1159 381 1221 postulari.
406 1157 478 1218 Quod
494 1158 578 1206 melios

97 1221 154 1270 vidi.
171 1223 235 1270 Nam
251 1223 283 1270 sio
298 1231 332 1270 est
348 1239 363 1270 a
377 1223 464 1286 populo
479 1231 502 1270 et
515 1222 592 1270 nonii

95 1288 259 1350 approbatum,
266 1294 294 1333 ut
302 1288 414 1348 majorem
419 1286 499 1351 Appio
505 1286 597 1334 doloren

96 1350 229 1414 postumio,
240 1351 348 1399 atntlerit.
367 1351 481 1399 Praetarea
493 1351 552 1415 oopi
561 1366 601 1399 sao

96 1415 262 1528 ntoctffirffi
272 1416 467 1527 ¹illiseomltiitaererarii
481 1478 560 1540 hujus,
576 1494 608 1541 qn

97 1543 183 1592 attulit.
202 1543 274 1602 Nam,
283 1544 380 1606 arreptis
390 1543 503 1607 prioribus
513 1542 613 1602 literis,a

97 1607 205 1670 draginta
223 1607 315 1655 mansit.
339 1608 405 1666 Quid
422 1607 466 1655 tibi
479 1607 585 1664 scribam,
603 1621 618 1652 n

98 1670 205 1720 Domitio
222 1671 284 1719 diem
303 1671 380 1719 timori
397 1687 451 1720 esse.
477 1671 592 1734 Exspecto
611 1677 621 1716 t

98 1735 284 1800 quamprimum
295 1735 371 1784 videre
380 1736 455 1799 cupio.
477 1738 503 1784 A
513 1743 536 1783 te
547 1742 609 1798 peto,
620 1749 624 1779 1

96 1814 178 1912 {332
185 1799 285 1911 iemdel
294 1800 425 1913 (ὶοΙἭὲ
434 1815 472 1848 me
485 1799 601 1848 existimas
617 1813 624 1847 t

198 1879 240 1912 uas
250 1879 275 1913 so
285 1879 328 1912 ere.

208 2069 280 2132 (13.)
301 2070 434 2120 connis
450 2067 618 2120 c1cnrton1

134 2201 329 2262 (Argumentum.
336 2226 364 2236 -
375 2199 511 2248 Gratulatur
517 2199 624 2248 affinitati

106 2265 145 2349 qni
155 2265 269 2312 Ciceronis
278 2264 350 2312 filiam
361 2263 472 2312 duxerat:
490 2273 568 2312 narrat
573 2264 601 2312 de
611 2264 624 2311 it

110 2328 220 2386 ’,ιιῐίοηίε,
232 2338 254 2376 et
261 2329 291 2376 de
298 2328 420 2392 provinciis
426 2329 483 2392 quid
491 2337 568 2376 artum
575 2328 620 2387 sitt

114 2392 245 2451 Hortensii.)

137 2520 249 2570 Gratulor
265 2520 308 2569 tibi
329 2521 439 2570 affinitate
458 2521 502 2569 viri
516 2521 617 2574 (medius

127 2585 166 2634 ini·
190 2586 254 2633 Nam
265 2585 308 2633 hoc
318 2601 361 2648 ego
371 2585 400 2633 de
414 2586 455 2634 illo
465 2585 578 2634 existimo.
597 2584 624 2633 cs

132 2649 192 2699 tibus
208 2649 284 2697 adhuc
302 2649 341 2697 ille
358 2650 402 2698 sibi
421 2665 504 2712 panim
519 2648 582 2696 utilis
599 2647 624 2695 fn

136 2729 157 2763 n
177 2721 232 2764 snnt
250 2712 354 2776 detnsa,
374 2721 399 2765 et
414 2711 584 2765 onnsnrinnins
600 2719 624 2760 at
