1650 2948
25 190 27 195 ’
107 195 155 241 260
221 193 271 240 ΑΙ)
289 187 545 239 Drvusssos.1nr.
564 187 613 236 lx.
633 191 671 237 lt.
720 232 731 247 ,

104 337 158 370 nem
170 323 287 372 oonsulem
297 321 377 369 florere
387 317 505 378 laudibus,
517 317 586 381 quusi
595 319 722 367 alumnum
731 318 777 367 dis·

106 387 127 434 ci
143 388 197 435 linae
205 402 270 434 mose.

127 404 167 499 pla.
178 451 273 514 quidem
284 450 369 507 Cesar,
380 462 435 495 erun
450 445 479 493 ed
490 460 545 492 eum
557 455 672 508 egrotum
683 447 776 511 Neapo-

103 514 146 562 lim
158 516 277 572 venissem,
290 527 433 577 quamquam
446 518 495 558 erat
510 525 634 573 oppressus
647 511 719 560 totius
729 527 775 560 eor.

102 579 165 642 poris
175 579 301 635 doloribus,
313 587 391 624 tamen
402 585 463 633 ante,
474 589 547 637 quem
557 589 596 622 rue
610 575 681 638 plene
691 576 776 624 selun-

103 643 145 701 vit,
163 647 180 671 ‘⁶
192 642 216 691 Ο
227 643 261 690 mi
273 643 352 690 Cioero
361 641 386 686 !''
402 639 496 702 inquit3
514 642 531 667 ‘⁶
543 639 649 700 gremlor
658 639 712 699 uhi,
723 655 775 689 eum

103 715 195 754 tentum
204 707 266 754 veles
274 706 337 770 apud
345 703 501 760 Dolabellam,
508 712 625 766 quantum
635 703 774 817 aiegouppd

103 772 186 818 sororis
197 771 272 819 lilium
283 771 390 826 valerem,
397 770 446 829 jam
458 766 570 815 salviesse
580 782 710 840 possemus.

102 834 194 884 labellus
210 831 469 895 verotnoetgraoulor,
487 839 511 879 et
527 839 688 895 graunagos
705 847 774 897 quem

103 899 208 963 quidem,
225 909 278 963 poet
294 908 317 946 te
336 897 462 954 eonsulem,
482 895 558 942 solum
579 910 705 958 possumus
725 912 774 945 vere

103 965 222 1012 oonsulem
236 962 335 1011 dioere”
358 960 450 1009 Deinde
458 959 541 1010 ,multa
557 958 588 1007 de
599 959 662 1008 fecto
671 976 700 1009 ae
714 960 743 1010 de
751 976 774 1010 re

103 1029 182 1089 gaad:
206 1035 259 1075 tum
276 1026 336 1074 nihil
353 1023 545 1088 megnifieentius,
562 1022 623 1071 nihil
643 1024 774 1088 pseustius

103 1099 180 1138 uotum
192 1105 305 1154 unquam,
322 1090 381 1137 nihil
398 1087 529 1152 reipublice
538 1087 670 1137 salutarim
693 1093 774 1154 Atque

102 1153 266 1203 heounavox
281 1153 387 1201 omnium
402 1161 444 1202 eat.
460 1155 520 1200 Ate
533 1159 773 1216 autempeto,utme

102 1216 162 1265 hanc
179 1218 245 1282 quasi
261 1217 344 1264 falsam
360 1217 516 1265 hereditatem
529 1216 612 1264 aliene
622 1217 704 1280 glorie
713 1217 772 1266 sines

100 1295 199 1395 &diiii
208 1281 384 1394 ileirirlieniiiiii
391 1280 771 1408 erpppppqippp’ciepptemmuerum

102 1411 162 1474 (hee
179 1411 241 1459 etrim
259 1394 348 1471 joeitus
362 1408 425 1470 sum)
443 1409 551 1457 libentius
569 1423 650 1457 omnes
669 1410 770 1469 meaasi

101 1475 170 1523 modo
181 1485 237 1524 sunt
246 1476 331 1540 ulique
340 1491 407 1533 meae,
418 1473 498 1521 laudes
516 1473 546 1520 ad
562 1481 585 1520 te
598 1473 769 1534 msfirderim,

101 1549 174 1604 quem
188 1541 290 1605 aliquem
306 1548 395 1603 purtem
406 1537 550 1586 exhauserim
568 1552 597 1584 ex
613 1538 668 1586 tuis.
695 1539 768 1598 Num,

101 1619 155 1652 curn
164 1614 186 1653 te
197 1621 286 1669 semper
299 1613 390 1651 tanturn
400 1601 528 1657 dilexerim,
540 1611 656 1664 quantum
667 1611 694 1650 tu
704 1604 770 1652 intel·

101 1669 172 1732 ligere
184 1669 293 1733 potuisti3
310 1676 362 1715 tum
373 1667 409 1714 his
420 1666 466 1713 tuis
475 1664 541 1712 factis
552 1665 584 1712 sic
593 1665 700 1716 inoensus
708 1683 767 1726 sum,

100 1742 127 1779 ut
134 1734 192 1780 nihil
200 1747 303 1796 unquam
314 1731 339 1777 in
349 1745 426 1777 amore
436 1729 506 1777 fuerit
515 1728 639 1777 ardentius.
657 1732 727 1779 Nihil
736 1742 768 1780 est

99 1796 170 1855 enim,
179 1797 238 1843 mihi
248 1795 322 1855 erede,
334 1794 417 1842 virtute
426 1793 556 1854 formosius,
567 1793 627 1841 nihil
641 1796 768 1858 pulchrius,

99 1859 158 1906 nihil
169 1859 298 1907 amabilius.

132 1924 228 1986 Semper
238 1923 322 1981 amavi,
339 1933 366 1971 ut
376 1923 427 1982 sois,
440 1922 477 1969 Μ.
493 1922 605 1982 Brutum,
616 1933 709 1988 propter
719 1926 768 1986 ejus

100 2001 220 2034 summum
234 1988 362 2050 ingenium,
379 1987 523 2037 suavissimos
533 2002 617 2044 mores,
640 1988 646 1999 ’

98 2051 235 2114 probitatem
246 2061 316 2115 atque
329 2053 488 2100 corutantiam.
505 2052 596 2099 Tamen
608 2050 691 2101 Idibus
702 2054 765 2101 Mar·

98 2114 135 2162 tiis
146 2123 237 2163 tantum
253 2117 346 2164 aocemit
356 2117 386 2164 ad
396 2132 507 2173 umorem,
524 2124 552 2163 ut
568 2116 674 2176 mirarer,
691 2118 766 2166 lomim

97 2178 167 2226 luisse
177 2179 276 2241 augendi
286 2181 311 2226 in
322 2197 357 2240 eo,
369 2181 432 2243 quod
442 2181 500 2227 mihi
511 2179 651 2243 jampridem
661 2183 766 2230 cumula-

97 2251 149 2290 tum
157 2243 226 2290 etium
233 2244 359 2291 videbatur.
374 2245 434 2304 Quis
442 2254 498 2303 erat,
508 2243 548 2308 qui
558 2253 659 2307 putaret,
670 2246 701 2293 ud
712 2261 765 2294 eum

96 2317 388 2420 &thim
398 2309 767 2436 itlilffliffi

380 2406 387 2431 9

97 2435 184 2495 ridear,
195 2444 262 2484 antea
271 2435 383 2484 dilexisse.
400 2436 479 2495 Quare
496 2437 605 2500 quidest,
617 2438 681 2501 quod
692 2455 734 2502 ego
744 2448 766 2487 te

96 2500 183 2561 horter,
194 2509 221 2548 ut
231 2500 337 2564 dignitati
345 2510 368 2549 et
377 2501 456 2564 gloriar
462 2502 567 2549 servias?
584 2502 717 2565 Proponem
724 2504 766 2551 tibi

95 2563 170 2615 claros
184 2565 254 2626 viros,
265 2565 328 2631 quod
337 2566 410 2613 faeere
424 2566 505 2624 solent,
517 2565 558 2629 qui
568 2565 710 2617 hortantur?
726 2583 766 2616 ne-

88 2631 184 2684 minem
194 2634 273 2685 habeo
290 2631 422 2692 duriorem,
431 2646 505 2694 uuum
517 2630 642 2690 teipsum.
661 2631 700 2679 'le
715 2632 768 2679 imi.

85 2704 278 2769 areoportetz
293 2708 378 2752 taum
392 2698 448 2762 'ipse
463 2702 545 2744 ese.
561 2692 676 2741 tiele&
690 2694 783 2752 uim
