1650 2948
171 143 223 191 ΑΙ)
238 143 416 195 DIVllRSOS.
435 146 495 194 Lus.
512 148 588 196 vm.
606 153 629 195 5.
690 151 740 196 22³

105 272 162 330 Qut
178 282 203 319 tu
218 272 273 320 curi
288 275 327 332 sis,
347 275 409 336 quod
423 275 453 322 ad
467 292 548 339 pacem
563 278 684 339 provincias
699 287 745 325 tuae

73 338 270 400 finitimarumque
288 340 407 400 regionum
422 340 510 396 attinet,
528 343 618 389 nescio:
637 358 678 404 ogo
693 344 746 405 qui-

74 402 127 448 dem
138 402 284 449 vehementer
294 403 367 449 enimi
382 404 477 467 pendeo.
495 407 568 464 Nem,
578 407 597 453 si
607 406 651 453 hoc
667 407 746 453 mode-

73 465 119 514 reri
129 480 257 528 possemus,
265 475 300 526 ut,
312 482 354 530 pro
362 467 449 515 viribus
456 469 574 533 copiarum
581 479 683 527 tuarum,
693 471 748 518 belli

74 545 105 594 qu
137 545 168 578 ue
175 529 291 578 exsisteret
299 530 442 594 magnitudo,
451 541 482 591 et,
491 544 605 597 quantum
615 533 694 597 glorie
705 535 747 582 tri-

73 609 115 642 um
149 609 210 657 oque
220 609 279 658 opus
289 604 355 654 esset,
363 611 542 659 assequeremur,
551 599 750 662 periculosamque

73 666 97 706 et
107 673 202 721 gravem
212 658 277 725 illem
286 659 456 707 dimicationem
463 661 599 711 evitaremus
607 679 615 720 ς
633 662 691 710 nihil
700 672 748 710 turn

75 729 134 770 esset
155 722 290 785 optandum.
308 722 380 771 Nunc
397 724 417 771 si
436 725 537 772 Parthus
555 735 634 774 movet
650 727 747 790 aliquid,

74 786 131 845 seio,
144 800 191 834 non
202 786 340 834 mediocrem
351 787 400 835 fore
416 789 600 837 contentionems
618 799 672 838 tuus
682 790 750 854 porro

75 849 188 898 exereitus
196 850 235 898 vix
246 865 320 898 unum
330 852 414 899 saltum
425 853 485 899 tueri
496 862 578 916 potest.
595 854 750 902 Henccutem

74 927 150 962 nemo
156 914 221 962 ducit
230 916 342 962 rationem
352 933 360 962 ι
377 915 417 963 sed
428 916 507 965 omnis
514 916 706 966 desiderenmreb
713 933 749 978 eo,

76 980 211 1054 (temque
229 979 289 1033 nihil
306 979 443 1042 denegatum
458 981 488 1027 sit
502 981 532 1042 ei,
544 976 668 1046 quominus
679 997 750 1046 quem

75 1042 236 1108 pereumimns
253 1043 321 1104 esset)
339 1044 381 1108 qui
397 1045 491 1108 publico
507 1046 599 1109 negotio
615 1046 751 1112 prepositis

109 1170 208 1247 Accedit
217 1171 272 1231 huc,
283 1172 522 1250 quodsuoeessionuem
531 1174 645 1236 furuum,
656 1184 750 1252 propter

78 1236 211 1285 edurum
222 1247 405 1298 controversiam,
414 1253 461 1286 non
469 1239 542 1287 video.
559 1241 664 1289 Tametsi
672 1240 715 1288 hee
722 1239 751 1288 de

78 1309 172 1364 reputo
183 1308 210 1348 te
217 1301 375 1360 constitutum,
387 1303 444 1365 quid
455 1302 556 1351 fecturus
571 1320 638 1363 esses,
650 1304 750 1360 bcberee

78 1373 168 1424 mmm,
183 1379 231 1428 quo
247 1366 360 1413 maturius
374 1367 529 1426 constitueres,
546 1383 599 1416 cum
610 1368 673 1417 hunc
684 1382 752 1417 even-
771 1342 813 1425 ,ri

78 1438 133 1478 tum
142 1428 301 1504 providebam,
310 1430 385 1477 visum
396 1438 438 1488 est,
450 1439 477 1477 ut
487 1438 511 1478 te
521 1430 619 1482 facerem
627 1432 753 1480 certiorem.
764 1422 812 1507 ᾗ

79 1494 153 1542 Nbstr
170 1493 232 1540 enim
248 1493 298 1542 brec
312 1494 439 1541 tralaticiez
457 1493 488 1568 de
499 1494 574 1542 Gallis
586 1496 750 1570 constitueturr

79 1558 518 1686 dellulffiisffiliill
527 1567 753 1682 {murelli}

81 1686 125 1734 reli
141 1701 183 1733 uss
195 1685 313 1748 impediat.
331 1687 369 1734 Sic
376 1688 479 1734 multum
488 1702 514 1734 sc
525 1685 566 1734 diu
576 1687 677 1747 ludetur,
685 1694 754 1751 etque

80 1749 116 1798 ite
143 1749 175 1808 'u‚
186 1758 213 1796 ut
224 1751 277 1813 plus
287 1750 406 1798 biennium
417 1752 442 1798 in
452 1750 488 1798 his
499 1751 559 1798 tricis
570 1759 679 1799 morsum

116 1814 143 1863 Si
152 1813 209 1877 quid
216 1815 270 1862 novi
278 1814 306 1862 de
312 1831 337 1862 re
346 1815 447 1878 publici,
456 1816 519 1879 quod
526 1815 568 1864 tibi
575 1816 703 1875 scriberem,
712 1815 754 1864 be·

82 1880 172 1936 berem
179 1893 235 1926 usus
241 1893 313 1926 essem
320 1879 373 1927 mei
379 1879 551 1939 cousuetudine,
560 1888 586 1927 ut
594 1879 722 1943 diligenter,
731 1890 755 1929 et

83 1943 225 2006 quidutum
232 1951 298 2001 esset,
306 1952 329 1990 et
335 1943 391 2006 quid
398 1944 567 1991 exeofuturum
574 1959 697 2008 sperarem,
702 1961 755 2009 per.

84 2007 215 2054 scriberem.
223 2007 283 2054 Sene
289 2007 439 2070 tamquamin
447 2007 547 2069 quodam
554 2008 617 2056 incili
621 2011 670 2070 jem
677 2009 756 2058 omnio

85 2071 239 2119 adheserunt.
246 2071 372 2119 Marcellus
378 2071 440 2118 idem
446 2071 505 2118 illud
512 2072 540 2119 de
546 2073 668 2136 provinciis
674 2081 754 2137 urget3

86 2149 103 2182 n
133 2135 498 2199 uesdhucirequentemsenstum
504 2136 674 2200 efficerepotuit.
684 2137 755 2198 Quod
770 2184 771 2187 ,

86 2199 115 2258 si,
140 2213 201 2246 anno
216 2200 339 2262 preterito,
351 2199 422 2247 Curio
437 2200 552 2261 tribunus,
568 2210 591 2249 et
606 2202 685 2250 eedem
696 2202 755 2250 actio

88 2263 119 2311 de
128 2263 249 2325 provinciis
259 2264 360 2312 introivit
368 2265 389 2328 ς]
408 2279 480 2326 quam
490 2264 556 2314 facile
566 2281 628 2315 nunc
638 2267 667 2314 sit
678 2265 756 2313 omnia

86 2327 208 2390 inpedire,
219 2336 242 2375 et
252 2343 323 2392 quem
336 2329 380 2376 boo
391 2327 484 2389 (imeri,
502 2329 543 2393 qui
557 2331 601 2378 sub
616 2330 685 2379 censi
695 2344 756 2385 rem-2

86 2391 205 2461 publicem
215 2406 262 2442 non
273 2400 344 2456 unet,
356 2401 455 2458 superet,
463 2409 510 2444 non
521 2403 544 2443 te
553 2394 623 2445 fallit.
637 2393 703 2445 Vale.
