1650 2948
192 185 243 234 AD
260 184 438 235 DlVERSOS.
456 187 516 234 Llu.
535 186 595 234 Vll.
612 189 651 236 30.
709 188 754 234 211

81 330 120 362 ras
130 316 247 362 consulem
259 315 381 363 creaverit:
400 324 422 363 et
435 316 463 362 dc
477 315 547 363 literis
563 316 756 365 commendaticiis

80 380 112 430 ad
122 380 230 428 Acilium
237 381 368 443 significat)

112 526 167 591 Ego
177 541 231 576 vero
245 527 295 588 jam
306 534 330 574 te
339 539 382 574 nec
393 525 472 574 hortor
485 541 527 576 nec
537 543 602 592 rogo,
613 534 641 576 ut
656 526 754 576 domum
766 537 768 539 ’

79 591 176 666 rdeass
193 591 251 656 quin
261 591 315 640 hinc
329 591 379 654 ipse
393 592 482 640 evolare
492 591 569 658 cupio,
581 600 604 640 et
612 592 690 667 aliquo
700 608 753 657 per·

79 671 167 715 venire,
625 674 628 679 ¹

101 745 120 772 ‘⁶
129 743 180 792 Ubi
189 758 232 793 nec
240 744 379 808 Pelopidbm
392 760 477 794 nomen
488 760 530 794 nec
539 745 600 794 facta
610 746 729 795 audiam.”

112 831 251 881 Incredibile
262 843 305 893 est,
317 849 388 897 quam
403 833 501 898 turpiter
511 833 750 894 minitarentur,

80 897 121 962 qui
138 897 175 944 his
193 900 262 946 rebus
276 899 386 946 intersim.
404 898 451 946 Nae
466 906 492 945 tu
510 897 592 945 videris
606 899 681 945 multo
697 908 751 947 ante

79 961 214 1026 providisse,
232 962 290 1025 quid
305 963 448 1027 impenderet
460 971 521 1022 tum,
534 976 589 1009 cum
600 961 655 1010 hinc
670 963 750 1025 prosu·

79 1025 141 1089 giati
165 1026 318 1090 Quamquam
334 1028 397 1074 enim
413 1027 463 1085 haec
480 1027 550 1074 edam
570 1025 652 1074 auditu
669 1029 750 1089 acerba

80 1099 143 1151 tunt,
161 1097 239 1138 tamen
249 1091 329 1139 audire
339 1090 480 1138 tolerabilius
490 1098 532 1148 est,
541 1106 613 1155 quam
624 1091 708 1140 videre.
736 1110 739 1116 ⁴

110 1153 141 1202 ln
157 1154 247 1218 Campo
260 1165 319 1203 certe
336 1170 382 1202 uon
396 1155 468 1215 fuisti,
486 1171 549 1213 cum,
567 1155 624 1202 hori
641 1155 748 1218 secundi,

78 1219 177 1267 comitiis
188 1219 315 1282 quaestoriis
325 1219 443 1279 institutis,
450 1220 506 1268 sella
516 1218 548 1278 Q.
555 1219 667 1281 Maximi,
676 1237 747 1284 quem

78 1282 114 1332 illi
125 1284 245 1332 consulem
255 1299 303 1332 eam
316 1283 429 1344 dicebant,
447 1284 521 1348 posita
536 1291 608 1332 esset:
626 1300 673 1347 quo
686 1301 748 1333 mor·

78 1348 243 1408 morantiaco,
255 1349 311 1396 aella
321 1349 413 1396 sublata
424 1357 463 1396 est
481 1347 525 1395 Ille
535 1357 622 1408 autem,
634 1350 675 1412 qui
686 1365 749 1397 oom-

64 1412 124 1461 itiis
147 1409 240 1461 tributis
266 1420 323 1460 esset
345 1413 484 1476 auspicatus,
505 1411 632 1460 centuriata
648 1413 747 1462 habuit:

77 1477 198 1525 consulem
216 1476 274 1524 hort
290 1477 389 1539 septimi
405 1474 552 1533 renuntiavit,
570 1476 612 1538 qui
629 1478 749 1539 usquead

78 1541 340 1602 circumstantem
358 1557 411 1604 quae
421 1547 486 1588 eram
495 1539 580 1586 futurae
587 1553 656 1586 mane
666 1542 750 1602 poetri.

77 1605 123 1654 die.
141 1606 187 1666 Ita,
200 1605 298 1653 Caninio
308 1606 409 1664 consule,
423 1604 479 1652 scito
490 1603 607 1650 neminem
621 1604 747 1677 prandisse.

72 1670 147 1718 Nihil
158 1679 245 1726 tamen,
257 1685 283 1717 eo
294 1670 393 1726 consule,
402 1668 459 1715 mali
469 1667 557 1715 factum
567 1675 616 1713 est:
632 1666 678 1714 furt
686 1668 748 1718 enim

77 1734 177 1782 mirifica
194 1733 322 1797 vigilantii,
333 1733 375 1797 qui
384 1748 426 1782 suo
439 1741 487 1781 toto
503 1728 623 1780 consulatu
637 1746 746 1782 somnum

78 1813 126 1847 non
136 1798 226 1847 viderit.
673 1831 675 1835 f

111 1863 171 1911 Hac
182 1862 224 1910 tibi
235 1861 331 1910 ridicula
341 1862 461 1911 videnturr
479 1874 526 1909 non
536 1862 599 1913 enim
607 1861 675 1923 ades:
693 1876 747 1926 quar

78 1927 98 1976 ai
117 1927 213 1987 videres,
230 1927 343 1990 lacrymas
358 1941 405 1974 non
422 1935 517 1974 teneres.
533 1925 645 2001 Quid7si
666 1936 747 1977 catera

76 1991 193 2041 scribam?
209 1999 263 2039 sunt
274 1991 336 2038 enim
346 1990 523 2038 innumerabilia
530 2005 618 2052 genens
626 1991 745 2050 e'usdem;

75 2072 130 2120 quae
141 2056 236 2120 quidem
246 2071 289 2118 ego
299 2070 346 2103 non
356 2055 448 2111 serrem,
459 2054 504 2102 nisi
513 2054 586 2101 mein
596 2007 748 2129 phiiosophiae

76 2130 171 2185 portum
185 2120 340 2179 contulissem,
354 2127 377 2167 et
387 2119 432 2166 nisi
442 2118 550 2167 haberem
561 2133 648 2181 socrum
658 2120 747 2177 studia-

76 2201 131 2235 rum
149 2200 255 2233 meorum
270 2184 379 2232 Atticum
397 2191 519 2240 nostrum3
536 2183 608 2244 cujus
621 2199 674 2232 cum
693 2201 746 2248 pro-

76 2250 155 2314 prium
167 2258 190 2297 te
205 2264 253 2297 esse
269 2248 348 2296 scribis
360 2247 475 2311 mancipio
489 2256 511 2295 et
528 2262 599 2307 nexu,
613 2263 692 2296 meum
705 2264 748 2296 au·

76 2322 125 2362 tem
136 2329 181 2361 usu
192 2321 215 2361 et
228 2313 314 2372 fructu,
332 2321 451 2360 contentus
465 2312 509 2372 isto
519 2327 579 2359 sum.
597 2312 627 2360 ld
639 2313 702 2376 enim
713 2323 747 2361 est

77 2377 191 2492 csrffique
192 2378 335 2490 aiiidprimi
341 2393 388 2441 quo
395 2377 492 2450 quisque
498 2376 582 2425 fruitur
588 2384 657 2440 atque
665 2377 745 2433 utitur.

152 2459 184 2491 aec
284 2457 319 2488 urr
335 2457 370 2489 us.

109 2507 210 2567 Atilius,
226 2458 274 2570 qui
281 2506 307 2553 in
325 2505 438 2554 Graciam
453 2521 507 2555 cum
521 2503 649 2567 legionibus
663 2502 747 2552 missus

76 2579 120 2629 est,
131 2571 237 2618 maximo
252 2586 307 2618 meo
320 2571 430 2618 beneficio
443 2578 493 2618 este
510 2569 546 2617 bis
558 2567 665 2615 enimest
679 2581 694 2613 a
708 2582 748 2616 me

74 2635 163 2697 iudicio
173 2635 262 2700 capitia,
277 2636 346 2684 rebus
360 2633 436 2694 salvia
452 2633 577 2682 defensust
590 2638 615 2677 et
630 2629 750 2680 atberun

73 2714 120 2747 ron
130 2699 242 2761 ingratus,
255 2715 342 2764 meque
358 2698 510 2750 vehementer
521 2698 640 2747 obseruat-
656 2693 701 2744 ’λὰ
707 2709 771 2743 eam
