1650 2948
84 109 116 156 ot
203 108 253 156 ΑΙ)
268 109 446 159 DIVERSOS.
463 109 524 157 Lrn.
541 107 587 157 1v.
604 109 629 155 o.

84 237 180 299 adjungi
191 240 284 300 potuit?
302 248 342 286 out
352 239 393 302 qui
406 254 461 297 non,
473 237 554 286 inillis
564 237 633 285 rebus
644 236 754 284 exercite-

84 309 129 358 tus,
147 303 237 349 enimus
249 304 329 351 cellere
340 305 390 364 jem
401 303 476 361 debet,
487 310 557 364 etque
568 301 647 350 omnio
657 300 754 348 minoris

84 365 214 415 aeetimnre?
231 369 273 415 An
290 368 351 414 illius
363 368 435 415 vicem
451 367 537 424 (oredo)
553 365 637 413 doles?
654 363 753 422 Quoties

83 429 108 475 in
119 447 170 477 enm
181 432 339 494 cogitationem
353 447 442 479 neeesse
452 440 486 478 est
500 439 523 477 et
534 439 559 477 tu
573 429 669 488 veneris,
680 440 702 475 et
710 443 753 476 nos

86 511 145 557 eaepe
156 496 286 553 incidimus,
304 496 365 542 hisce
376 497 517 558 temporibus
532 509 578 541 non
590 494 687 556 pessime
698 507 752 539 oum

84 558 112 604 iis
123 575 169 606 esse
180 567 266 617 ectum,
277 560 361 622 quibus
368 561 415 607 sine
423 560 500 607 dolore
510 559 600 606 licitum
608 567 642 605 est
652 566 753 605 mortem

85 637 140 670 eum
150 623 197 670 virt
208 625 363 672 commutare!
746 640 750 648 ’

116 686 182 744 Quid
193 697 270 735 autem
289 688 342 746 fuit,
354 688 416 752 quod
426 688 492 735 illam
508 688 551 734 hoc
562 696 665 749 tempore
677 685 708 733 ed
718 684 754 732 vi-

85 751 186 799 vendum
206 765 292 815 magno
310 768 377 816 opere
397 752 493 800 invitare
512 753 606 815 posset?
624 766 677 814 quae
696 752 752 798 ree?

85 830 139 878 que
148 818 220 879 spes?
237 817 300 881 quod
314 817 386 865 enimi
400 816 527 865 solatium?
544 816 589 873 Ut,
604 829 658 862 oum
673 813 753 877 aliquo

84 879 225 929 adolescente
241 881 350 945 primerio
362 883 491 943 conjuncte,
507 887 596 927 etatem
616 877 716 941 [gereret
726 878 752 942 ἓ]

86 943 189 993 ldeitum
200 955 233 994 est
247 945 290 994 tibi
302 946 397 1004 (oredo),
413 961 455 1008 pro
472 944 513 991 tut
527 943 647 1006 dignitate,
663 957 693 989 ex
708 941 753 996 heo

82 1009 204 1069 juventute
221 1025 331 1072 generum
341 1011 449 1072 deligere,
460 1010 526 1070 eujus
539 1007 592 1054 fidei
606 1007 690 1054 liberos
700 1014 753 1054 tuoe

85 1079 108 1120 te
119 1081 169 1120 tuto
179 1074 319 1121 oommittere
329 1083 427 1137 putares.
447 1073 486 1120 An
498 1080 524 1119 ut
534 1088 561 1119 ea
570 1072 653 1119 liberos
663 1085 694 1119 ex
704 1084 753 1118 eeu

85 1146 181 1198 peteret,
193 1152 251 1199 quoe
262 1153 315 1184 oum
332 1138 437 1186 florentes
450 1137 543 1195 videret,
556 1136 693 1183 letaretur?
710 1132 752 1198 qul

85 1209 284 1311 intenti
289 1198 754 1328 ttdtttidttdffliilt

84 1342 165 1375 eorum
181 1328 277 1392 negotiis
291 1329 394 1377 libertate
408 1328 450 1376 euti
466 1331 603 1377 uterentur?
625 1326 692 1386 Quid
710 1327 754 1374 ho·
783 1383 789 1400 Ι

85 1392 202 1452 tumtun,
214 1393 277 1457 quod
287 1408 334 1442 non
343 1394 415 1458 prius,
423 1395 495 1459 qdem
505 1394 586 1440 dotum
597 1401 663 1452 esset,
675 1391 754 1439 adem·

86 1463 137 1503 tum
148 1456 178 1504 eit
187 1460 208 1505 l*
709 1482 713 1487 -

117 1522 154 1568 At
164 1537 217 1570 vero
227 1524 316 1571 molum
324 1531 358 1571 oet
367 1523 450 1571 liberos
460 1521 570 1570 emittere.
587 1520 617 1570 M
618 1521 699 1576 elum;
710 1517 755 1567 nisi

85 1585 152 1648 pejus
163 1586 200 1645 eit,
211 1588 260 1635 hoec
271 1589 365 1636 sufferre
375 1597 398 1635 et
408 1587 503 1652 perpeti.
520 1587 582 1645 Quae
592 1602 627 1634 res
638 1584 697 1632 mihi
707 1598 754 1632 non

86 1650 224 1700 mediocrem
240 1652 418 1700 consolationem
431 1651 517 1709 attulit,
531 1651 583 1698 volo
596 1649 640 1697 tibi
652 1663 754 1698 nomme·

85 1728 184 1775 morere,
195 1717 215 1763 si
225 1716 283 1764 forte
293 1717 373 1764 eedem
379 1732 415 1764 reo
421 1716 463 1763 tibi
473 1716 577 1762 minuere
588 1713 691 1762 dolorem
701 1728 754 1777 poe·

84 1778 121 1826 eit.
133 1780 173 1826 Ex
184 1779 242 1827 Ant
252 1781 349 1840 rediens,
360 1796 415 1827 cum
428 1781 458 1827 eb
470 1779 559 1842 AEgini
569 1778 692 1841 Megaram
703 1792 755 1825 ver·

84 1840 753 1971 intimentutnmffltuffi

84 1969 177 2018 unione
193 1971 332 2021 Corinthus:
357 1988 409 2036 quae
426 1972 511 2036 oppida
529 1971 631 2034 quodem
650 1979 754 2033 tempore

84 2032 243 2084 florentissime
252 2036 354 2096 fuerunt,
369 2052 431 2084 nuno
443 2045 555 2100 prostrate
569 2043 592 2082 et
606 2034 683 2082 diruto
699 2041 752 2082 ente

84 2098 163 2146 oeulos
181 2101 265 2160 jeeent.
286 2102 351 2166 Coepi
372 2110 462 2164 egomet
479 2114 571 2148 meeum
588 2098 620 2146 sio
637 2098 751 2161 cogitaret

86 2165 105 2192 “
113 2161 194 2210 Hem!
212 2180 253 2214 nos
259 2166 395 2214 homunculi
401 2163 644 2228 indignemur,eiquis
650 2164 755 2210 nostrum

85 2225 179 2287 interiit,
191 2239 232 2276 eut
241 2230 327 2278 occisus
337 2239 379 2289 est,
391 2245 491 2294 quorum
502 2228 549 2276 vito
558 2227 648 2275 brevior
658 2225 755 2275 eeeede·

86 2290 133 2350 bet,
152 2306 207 2339 eum
223 2308 271 2342 uno
287 2295 337 2343 loeo
353 2303 388 2342 tot
403 2294 514 2357 oppidum
527 2292 637 2340 cadevera
652 2291 754 2355 projecta

87 2354 93 2366 ⁸
135 2358 195 2404 ont?
212 2357 284 2406 Visne
294 2366 319 2406 tu
331 2367 362 2417 te,
374 2359 447 2416 Servi,
458 2357 571 2414 cohibere,
580 2364 603 2403 et
613 2354 754 2413 meminisse,

103 2419 204 2468 ominem
215 2430 238 2470 te
248 2437 296 2471 esee
306 2423 424 2471 netum?”
441 2421 514 2470 Crede
528 2419 601 2468 mihi:
619 2418 756 2493 cogitatione

87 2484 115 2532 el
131 2499 178 2533 non
192 2486 334 2535 mediocriter
347 2503 399 2535 eum
413 2486 567 2534 confirmatus
584 2483 638 2532 Hoc
652 2481 756 2541 nemsi

88 2547 131 2597 tibi
150 2549 248 2611 ridetur,
265 2551 302 2598 feo
318 2559 372 2600 ente
388 2552 466 2599 oculos
482 2548 524 2597 tibi
541 2562 664 2612 propones.
682 2545 757 2594 Modo

80 2625 130 2660 ono
141 2615 338 2680 temporetotriri
349 2613 626 2665 eleriseimiinterierunt:
644 2611 758 2675 deimpe·
