1650 2948
178 107 227 156 nn
243 107 420 157 nruuasos.
439 109 498 156 nm:
517 110 629 171 vimi.
691 114 737 167 ιιι

71 236 130 282 mihi
141 237 301 285 suavissimum
313 239 349 297 sit,
362 248 384 285 et
397 249 513 301 occupato,
526 248 548 285 et
559 239 588 285 ad
599 240 674 286 literas
685 242 739 287 scri-

71 302 157 348 bendas
170 303 208 364 (ut
223 312 248 348 tu
266 304 335 360 misti)
354 303 484 364 pigerrimo,
501 315 547 350 tum
560 305 675 350 memoriae
686 306 739 352 dare

71 380 172 427 operam.
190 367 235 414 Sed
245 367 322 429 ipsum
336 369 451 426 volumen,
466 369 527 430 quod
539 368 581 415 tibi
591 369 652 425 misi,
664 369 737 427 facile,

71 439 98 476 ut
109 446 151 493 ego
162 432 267 490 arbitror,
285 448 323 478 me
334 441 434 479 excusat
451 433 535 480 Nescio
545 434 611 494 cujus
621 433 662 479 otii
673 442 737 492 esset,

70 506 118 541 non
135 495 204 542 modo
214 496 351 558 perscribere
364 495 423 555 haec,
433 496 472 543 sed
487 496 581 544 omnino
594 496 738 545 animadver-

70 565 126 605 tere.
145 559 233 608 Omnia
244 560 305 607 enim
316 569 370 608 sunt
385 560 418 608 ibi
429 562 640 620 senatus-consulta,
656 561 737 620 edicta,

68 621 164 684 fabula,
182 639 300 671 rumores:
319 625 382 687 quod
398 625 531 686 exemplum
549 625 568 672 si
586 625 644 672 forte
660 626 738 673 minus

66 693 94 741 ,te
104 687 237 744 delecterit3
254 703 284 736 ne
296 688 424 736 molestiam
439 688 481 736 tibi
496 703 550 736 cum
564 689 668 752 impensi
684 691 738 737 mei

70 751 201 811 exhibeam,
212 752 249 799 fec
259 768 296 800 me
307 753 431 800 certiorem.
511 810 513 816 Ι

52 835 54 845 ·
103 816 129 864 si
140 817 197 879 quid
207 816 231 863 in
247 833 271 864 re
280 817 374 880 publici
386 817 463 877 majus
477 825 554 864 actum
566 817 616 876 erit,
628 818 690 880 quod
700 816 738 866 isti

69 881 167 944 operarii
177 881 255 928 minus
262 880 381 928 commode
390 881 496 944 persequi
502 881 604 943 possintr
623 890 645 928 et
656 897 737 945 quem·

68 944 197 992 admodum
207 953 285 992 actum
296 946 333 1003 sit,
343 954 366 992 et
376 962 428 1009 quae
438 946 575 992 existimatio
581 954 666 1004 secuta,
674 963 738 1009 quau
768 985 769 988 ι

69 1025 116 1072 que
126 1009 156 1056 de
167 1025 193 1056 eo
206 1025 257 1072 spes
274 1011 311 1068 sit,
322 1010 443 1072 diligenter
456 1010 498 1057 tibi
515 1010 686 1074 perscribemus.
701 1012 736 1060 Ut

64 1087 132 1137 ,nnuc
143 1084 185 1133 est,
201 1075 266 1121 nulla
282 1089 420 1137 magnopere
433 1074 570 1138 exspectatio
581 1083 621 1122 est
638 1075 702 1123 Nam
713 1084 737 1123 et

68 1137 103 1186 illi
114 1153 217 1185 rumores
227 1138 256 1185 de
266 1139 363 1187 comitiis
373 1139 592 1202 Transpadanorum
607 1139 736 1187 Cumarum

64 1210 135 1254 tenus
146 1203 280 1250 caluerunt:
298 1203 399 1250 Romam
410 1218 464 1250 cum
474 1203 595 1263 venissem,
610 1218 639 1250 ne
650 1204 736 1252 tenuis-

67 1267 151 1314 simam
162 1263 256 1330 quidem
265 1267 404 1314 auditionem
412 1266 441 1314 de
452 1267 479 1315 eir
489 1283 513 1314 re
523 1267 613 1330 accepi.
623 1268 737 1317 Praetereo

66 1330 205 1390 Marcellus,
216 1331 279 1394 quod
295 1331 370 1379 adhuc
386 1331 445 1378 nihil
460 1331 539 1378 retulit
554 1331 583 1378 de
598 1333 736 1380 successione

62 1394 263 1460 [provinciarum]
277 1395 424 1451 Galliarum
442 1404 465 1442 et
481 1395 505 1441 in
523 1394 635 1442 Calendae
650 1396 735 1443 Junias

68 1462 109 1525 (ut
125 1459 184 1507 mihi
198 1459 247 1522 ipse
258 1458 327 1520 dixit)
346 1474 398 1506 eam
410 1459 499 1506 distulit
513 1458 664 1514 relationem3
681 1475 736 1507 sene

67 1539 141 1588 quem
152 1539 189 1571 eos
200 1538 314 1571 sermones
320 1523 437 1585 expressit,
447 1522 488 1586 qui
499 1522 527 1569 de
535 1537 562 1569 eo
570 1530 621 1568 tum
631 1522 734 1584 fuerunt,

66 1603 122 1637 cum
133 1589 216 1636 Romae
226 1602 267 1635 nos
276 1603 382 1635 essemus.
399 1588 440 1635 Tu
448 1587 468 1634 si
480 1585 628 1649 Pompeium,
636 1596 663 1633 ut
673 1587 735 1634 vole·

64 1655 117 1711 bas,
129 1651 242 1701 offendisti
251 1668 259 1707 ς
276 1652 317 1715 qui
325 1652 367 1699 tibi
377 1652 438 1700 visus
447 1652 484 1711 sit,
493 1660 516 1698 et
527 1665 598 1713 quem
609 1649 735 1714 orationem

60 1717 174 1773 ¹habuerit
191 1725 275 1776 tecum,
300 1732 416 1779 quamque
439 1714 562 1764 ostenderit
582 1714 733 1776 voluntatem,
795 1762 803 1781 Α,

66 1782 138 1847 (solet
148 1781 211 1828 enim
222 1780 285 1827 aliud
296 1780 378 1828 sentire
389 1781 490 1844 etloqui,
502 1794 577 1842 neque
591 1787 682 1827 tantum
693 1795 734 1828 va-
780 1788 799 1840 ,ζ

65 1847 114 1894 lere
124 1845 225 1908 ingenio,
236 1853 320 1894 utnon
334 1853 450 1908 appareat,
462 1844 519 1908 quid
529 1841 617 1907 cupiat)
629 1844 666 1892 fac
675 1844 734 1904 mihi

65 1910 200 1975 perscribas.

60 2011 64 2030 ,.
100 1973 172 2033 Quod
183 1975 213 2022 ed
225 1974 347 2030 Caesarem,
363 1974 436 2021 crebri
450 1982 473 2020 et
487 1987 533 2020 non
550 1972 606 2020 belli
616 1973 645 2021 de
658 1988 685 2020 eo
695 1990 735 2022 ru·

60 2054 159 2093 ,moresr
184 2039 223 2086 sed
242 2047 391 2086 susurratores
413 2038 526 2084 duntaxat
546 2037 657 2084 veniunt:
675 2038 734 2087 alius

91 2094 170 2150 'uitem
180 2103 311 2166 perdidisse,
323 2102 395 2166 quod,
407 2102 496 2165 opinor,
512 2110 572 2149 certe
581 2101 669 2150 fuctum
684 2114 732 2150 est:

66 2119 127 2215 Eue
144 2167 264 2230 septimum
282 2167 396 2230 legionem
415 2164 549 2229 vapulesse3
573 2166 649 2230 ipsum
671 2167 735 2230 apud

65 2232 202 2281 Bellovacos
212 2231 380 2290 circumsederi,
394 2231 543 2278 interclusum
553 2232 583 2278 ab
593 2231 682 2294 reliquo
693 2247 735 2279 ex-

66 2296 153 2344 ercitu:
172 2311 248 2359 neque
258 2294 333 2343 adbuc
345 2295 399 2343 certi
410 2295 537 2358 quidquem
548 2303 589 2354 est,
601 2310 675 2358 neque
685 2294 735 2341 hoec

65 2359 154 2408 incerta
173 2369 249 2407 tamen
269 2359 484 2422 vulgojactantu13
508 2360 548 2407 sed
566 2360 733 2421 intermunus,

47 2434 49 2438 ’
63 2439 126 2488 vquos
136 2433 163 2472 tu
173 2425 243 2484 nosti,
256 2422 357 2488 [palam]
367 2431 451 2472 secreto
461 2427 596 2472 narranturr
614 2431 639 2469 at
650 2421 734 2469 Domi·

66 2489 122 2550 tius,
133 2504 188 2537 cum
198 2504 281 2537 manus
292 2486 321 2535 ed
331 2503 356 2536 os
367 2488 480 2552 apposuit.

62 2592 66 2613 2
98 2552 165 2601 Tea.
175 2552 198 2600 d.
210 2553 249 2601 IX
256 2553 307 2602 ou.
315 2552 384 2599 Junii
394 2551 544 2612 subrostrani,
556 2549 631 2614 (quod
640 2549 738 2598 illorum

64 2617 135 2678 capiti
145 2615 207 2676 riti)
222 2616 363 2681 diruperant
373 2617 488 2684 periisse3
504 2617 540 2665 ita
556 2625 588 2664 ut
600 2615 632 2663 'm
645 2615 711 2662 urbe
724 2629 756 2682 ec

89 2678 194 2742 (optet.)
208 2695 272 2731 vor„
288 2696 306 2730 r.
571 2697 590 2731 u
