1650 2948
78 190 109 235 80
186 187 236 234 AD
254 189 431 237 DIVERSOS.
450 189 511 235 Iun.
528 186 579 235 111.
601 186 637 232 tl.

76 318 83 363 i
101 315 141 373 sim
159 317 227 370 (nihil
245 317 306 364 enim
320 317 366 364 fuit
380 318 480 372 clarius;
497 331 544 364 non
561 330 609 379 quo
638 313 745 378 uisquam

100 379 141 428 ‘ter
158 381 275 443 putassem
293 382 332 428 sed
349 381 407 428 nihil
421 382 450 428 de
466 381 595 443 insignibus
652 377 746 426 laudem

76 446 130 492 viris
141 447 235 492 obscure
244 445 344 491 nuntiari
352 446 417 503 solet)
430 455 507 492 tamen
518 445 598 492 eadem
608 443 650 489 illa
660 443 747 489 laetiora

76 509 178 556 fecerunt
189 508 247 554 mihi
258 516 304 555 tuae
314 509 398 564 literae3
411 524 457 555 uon
466 510 542 555 solum
550 508 606 571 quia
614 507 706 570 planius
713 507 748 552 lo-

76 575 207 637 quebantur
215 582 238 619 et
248 573 349 631 uberius,
361 589 432 636 quam
444 573 509 630 vulgi
519 588 603 630 sermo,
616 570 745 630 sedetiam,

76 637 134 746 quilar
142 636 216 698 magis
222 636 315 684 videbar
325 637 369 684 tibi
378 637 498 700 gratulari,
507 652 562 685 cum
570 637 599 683 de
607 644 666 683 te'ex
674 634 753 701 teipso.

77 715 109 748 au
126 700 208 748 'ebam
750 710 752 717 '

109 765 251 827 Complexus
266 764 337 828 igitur
353 779 405 812 sum
423 765 558 828 cogitatione
571 772 594 812 te
610 765 747 811 absentem:

76 828 197 893 epistolam
208 845 260 878 vero
271 829 394 889 osculatus,
406 830 476 877 etiam
487 830 536 893 ipse
549 828 608 876 mihi
618 827 748 890 gratulatus

76 908 136 941 sum.
154 894 215 953 Quae
223 894 284 941 enim
294 909 308 940 a
319 902 400 940 cuncto
410 895 505 957 populo,
518 910 532 941 a
542 901 631 950 senatu,
640 907 655 937 a
663 890 769 952 judici-2

75 958 129 1018 bue,
148 957 249 1020 iugenio,
268 957 395 1015 industrie,
411 958 498 1017 virtuti,
518 957 661 1015 tribuuntur,
679 955 751 1020 (mihi

76 1021 126 1084 ipse
136 1031 238 1069 assentur
247 1022 351 1080 fortasse,
362 1037 416 1069 cum
428 1038 455 1070 ea
462 1037 510 1070 esse
519 1022 544 1068 in
555 1035 593 1068 me
603 1017 678 1082 fingo)
689 1019 750 1067 mihi

76 1100 169 1148 quoque
179 1086 223 1159 ipsi
233 1085 303 1132 tribui
314 1094 377 1148 puto.
395 1087 447 1134 Nec
457 1095 505 1134 mm
519 1085 645 1149 gloriosum
656 1083 748 1131 exitum

76 1148 112 1195 tui
116 1148 198 1209 judicii
207 1149 327 1207 exstitisse,
334 1149 374 1196 sed
382 1157 430 1197 tam
437 1166 533 1213 pravam
539 1149 687 1198 inimicorum
694 1156 747 1197 tuo·

77 1227 131 1259 rum
142 1220 245 1259 mentem
255 1213 333 1270 fuisse,
346 1213 454 1261 mirabar.

108 1275 147 1322 De
157 1276 246 1324 ambitu
257 1292 319 1335 vero,
330 1277 387 1340 quid
394 1277 495 1337 interest,
506 1277 604 1342 inquies,
616 1291 645 1324 an
658 1276 688 1326 de
696 1291 748 1324 ma-

74 1340 172 1401 jestate?
189 1340 230 1388 Ad
240 1356 289 1388 rem
300 1341 366 1388 nihil.
383 1340 494 1391 Alterum
502 1343 565 1390 euim
575 1356 622 1390 non
632 1341 746 1404 attigistis

75 1404 171 1451 alteram
180 1405 272 1453 auxisti
290 1405 458 1454 Verumtamen
468 1415 502 1455 est
510 1408 627 1466 majestas,
635 1407 674 1470 (ut
680 1406 750 1454 Sulla·

76 1465 160 1528 voluit)
182 1484 212 1516 ne
230 1469 255 1516 in
272 1471 376 1533 quemvis
397 1471 493 1534 impune
517 1470 644 1518 declamare
661 1469 747 1518 liceret.

76 1531 190 1581 Ambitus
201 1549 253 1582 vero
263 1533 297 1582 ita
306 1543 408 1598 apertam
420 1535 468 1582 vim
478 1536 556 1594 habet,
568 1544 595 1582 ut
605 1542 647 1581 aut
656 1548 748 1582 accuse-

76 1603 116 1644 tur
129 1596 242 1661 improbe,
260 1608 301 1646 aut
314 1599 456 1646 defendatur.
473 1600 524 1659 Qui
543 1599 606 1646 enim
621 1598 689 1658 facta,
708 1608 750 1646 aut

76 1674 124 1708 uon
134 1662 203 1722 faeta,
219 1663 311 1725 largitio
324 1663 424 1726 ignorari
440 1667 533 1728 potest?
550 1663 658 1710 'luorum
669 1670 752 1710 eutem¹
783 1676 785 1681 ·

76 1723 191 1773 honorum
208 1742 297 1786 cursus,
317 1727 355 1774 cui
372 1737 489 1790 suspectus
504 1743 609 1790 unquam
623 1727 687 1775 suit?
704 1726 749 1775 Me

76 1789 196 1849 nunctum,
208 1791 249 1852 qui
260 1804 306 1837 non
317 1791 437 1838 affirerim!
456 1808 514 1855 quos
525 1807 567 1854 ego
580 1791 639 1838 risus
650 1790 749 1839 excitus-

76 1866 125 1899 sem
134 1853 141 1898 l
160 1853 205 1901 Sed
216 1853 245 1900 de
255 1854 379 1914 maJestatis
388 1854 475 1916 judicio
486 1856 533 1904 duo
543 1855 602 1902 mihi
612 1855 653 1902 illa
661 1870 690 1903 ex
701 1855 752 1903 tuis'

75 1914 147 1964 literis
155 1917 323 1978 jucundissima
333 1918 443 1976 fuerunt3
461 1935 544 1979 unum,
552 1919 615 1982 quod
623 1927 645 1966 te
655 1921 686 1967 ab
696 1919 749 1984 ipsi

76 1980 195 2043 republicis
210 1981 330 2029 defensum
344 1984 434 2031 scribis:
452 2001 505 2059 quae
520 1983 623 2049 quidem,
640 1983 711 2031 etiam
723 1985 748 2031 iu

77 2045 170 2092 summi
180 2048 294 2094 bonorum
304 2055 327 2094 et
336 2047 432 2095 fortium
443 2049 529 2096 arvium
540 2047 613 2110 copia,
622 2047 683 2094 tueri
690 2048 748 2096 tales

76 2106 137 2155 viros
148 2108 255 2168 deberet3
272 2126 334 2160 nunc
345 2127 399 2160 vero
409 2128 436 2160 eo
453 2113 536 2175 magis,
556 2111 618 2176 quod
632 2119 697 2159 tanta
707 2127 748 2175 pe-

75 2171 144 2218 nuria
154 2181 189 2220 est
199 2173 224 2220 in
234 2176 298 2222 omni
309 2176 345 2224 vel
352 2176 445 2224 honoris
452 2178 488 2225 vel
495 2176 567 2224 aetatis
574 2175 656 2239 gradu,
665 2185 692 2223 ut
699 2184 748 2225 tam

75 2237 132 2282 orba
142 2237 221 2284 civitas
229 2239 285 2287 tales
297 2248 382 2288 nitores
393 2241 514 2304 complecti
524 2241 620 2288 debeat:
637 2241 747 2299 alterum,

75 2299 139 2374 quod
151 2300 256 2365 Pompeii
267 2311 290 2350 et
299 2303 369 2351 Bruti
382 2304 453 2352 fidem
463 2305 693 2368 benevolentiamque
702 2305 748 2352 mi-

74 2362 137 2412 nfiee
152 2365 241 2412 laudae.
258 2367 337 2414 Letoi
350 2368 434 2417 virtute
450 2378 473 2417 et
488 2369 570 2428 officio,
586 2384 640 2416 cum
653 2377 749 2416 tuorum

73 2428 260 2490 necessariorum,
267 2445 373 2479 meorum
379 2434 637 2491 amicissimorum‚tum
644 2433 747 2492 alterius,

73 2493 181 2542 munium
198 2496 334 2543 seculorum
353 2505 376 2544 et
393 2498 498 2560 gentium
512 2497 631 2562 principis.
642 2497 748 2557 alterius,

67 2556 211 2622 jnnprtdem
225 2559 362 2622 juventutis,
379 2562 479 2610 celeriter
496 2565 535 2626 (ut
548 2560 624 2637 spero)
640 2561 748 2610 civitatis.

58 2616 271 2676 Bemmaris
284 2625 382 2678 tcsfibus
393 2643 409 2677 a
419 2627 467 2677 suis
480 2627 611 2677 ciritetrbus
628 2626 754 2685 numidia·
