1650 2948
180 179 231 228 Al)
247 180 425 231 DIVERSOS.
444 183 504 230 Irin.
516 181 590 231 VIII.
608 185 631 229 8.
692 187 740 233 220

69 308 198 374 republicis
208 311 237 357 nd
248 320 353 358 senatum
372 312 457 373 referri,
472 312 591 374 senatique
607 314 736 359 consultum

67 376 117 423 fieri
128 377 206 438 possit.
230 375 279 434 Qui
289 376 425 438 impedierit,
438 377 587 439 prohibuerit,
603 393 657 424 eum
672 393 738 425 sena-

47 448 49 453 '
63 449 120 488 tum
131 440 262 488 existimare
276 450 355 487 contra
364 441 530 503 rempublicam
540 441 625 489 fecisse.
650 441 675 489 Si
686 442 738 505 quis

62 504 124 553 bulc
139 504 345 552 aenactsconsulto
360 505 518 563 intercesserit,
536 506 626 554 senatui
639 505 737 569 placere,

63 568 227 620 'cuctbntstem
237 567 355 631 perscribi,
366 577 389 617 et
399 569 428 617 tle
439 569 467 616 et.
473 585 498 616 re
508 569 539 616 cd
545 580 651 618 senatum
660 586 737 634 popu·

65 633 164 696 lumqse
174 632 276 683 referri.”

61 723 65 729 ·
98 697 165 744 Huic
181 696 384 745 senatus-consilto
403 696 527 746 intercessit
543 699 571 747 C.
591 698 686 758 Coelius,
702 699 731 748 11.

62 761 182 820 ¹Vinicius,
194 761 222 807 P.
235 761 362 818 Cornelius,
374 761 402 808 C.
413 761 498 810 Vibius
508 763 592 811 Panse

98 828 117 854 ‘⁶
129 825 191 873 Item
201 824 290 872 senatui
300 825 397 888 placere,
409 825 438 872 de
448 825 568 887 militibus,
578 826 619 890 qui
632 827 657 874 in
670 843 735 876 exer-

65 890 113 940 ritu
128 889 156 937 C.
171 889 266 937 Caeseris
280 889 340 944 sint;
358 890 399 952 qui
414 905 494 937 eorum
509 891 621 954 stipendia
632 893 734 952 emerim,

64 963 206 1012 antecessus,
223 953 307 1016 quibus
317 953 346 1000 de
356 953 429 1001 causis
439 954 504 1001 missi
514 955 563 1002 fieri
573 955 678 1014 debeant,
691 957 734 1004 ha·
776 989 792 1026 ,1

63 1020 143 1075 beent,
161 1018 191 1065 ad
201 1018 264 1064 hunc
273 1017 376 1065 ordinem
392 1018 478 1077 referri,
496 1027 524 1066 ut
534 1034 613 1067 eorum
623 1020 681 1068 ratio
691 1021 735 1068 ha·
753 1026 774 1071 's'

55 1084 282 1145 -beatunuuraeque
292 1091 462 1144 cognoscuntur.
479 1083 565 1146 Siquis
572 1074 734 1133 huicsenatls-
784 1098 787 1103 ·

63 1147 170 1196 consulto
186 1146 342 1206 intercesserit,
361 1146 449 1193 senatui
461 1147 558 1210 placere,
576 1149 734 1198 auctoritatem

12 1210 17 1218 '
63 1210 183 1324 pesqqibi,
200 1218 223 1257 et
239 1209 268 1257 de
284 1209 312 1257 eb
325 1210 392 1257 read
406 1220 511 1260 senatum
525 1214 686 1278 populumque
697 1217 733 1263 re-

74 1291 126 1324 em.

96 1339 162 1388 Huic
178 1340 383 1388 senatus-consulto
400 1339 525 1388 intercessit
545 1341 573 1389 C.
591 1342 685 1403 (lolius,
704 1342 733 1392 C.

51 1404 150 1463 Penes,
161 1403 248 1452 tribuni
258 1403 339 1467 plebis.
462 1411 464 1415 '

96 1474 114 1499 ‘⁴
122 1469 229 1531 Itemque
237 1468 325 1516 senatui
333 1469 430 1531 placere,
438 1468 463 1514 in
470 1468 575 1516 Ciliciam
582 1469 731 1533 provinciam,

52 1532 579 1596 ·etincctcreliquasprovincias,quospreetorii
587 1550 628 1597 pro
635 1543 732 1597 praetcre

60 1597 199 1657 obtinerent,
208 1612 257 1655 eos,
270 1597 312 1660 qui
321 1606 428 1660 praetcres
438 1596 540 1655 fuerunt,
551 1610 627 1660 neque
641 1597 666 1643 in
676 1613 731 1661 pro·

60 1662 137 1712 vincit
146 1677 201 1709 curn
211 1661 307 1723 imperio
316 1661 419 1719 fuerunt,
433 1677 490 1724 quos
500 1676 580 1708 eorum
591 1677 620 1708 ex
631 1663 731 1709 senatis-

59 1727 166 1776 ccnsulto
174 1740 227 1774 cum
235 1725 332 1788 imperio
341 1726 366 1772 in
377 1725 504 1788 provincias
514 1741 556 1788 pro
563 1733 659 1788 praetcre
669 1725 731 1773 mitti

60 1799 183 1857 oporteret,
200 1805 237 1838 eos
248 1789 326 1837 sortito
335 1789 360 1836 in
370 1789 497 1853 provincias
507 1789 569 1836 mitti
581 1790 676 1853 placere.
694 1790 728 1851 Si,

59 1870 91 1904 ex
101 1870 128 1902 eo
136 1869 242 1913 numero,
249 1869 307 1916 quos
316 1869 345 1900 ex
356 1854 560 1901 senatus-consulto
566 1854 590 1900 in
601 1854 728 1918 provincias

59 1920 95 1968 ire
104 1927 225 1983 oporteret,
237 1918 266 1965 ud
274 1932 398 1964 numerum
408 1932 455 1966 non
461 1927 542 1975 essent,
550 1919 591 1981 qui
599 1919 623 1965 in
632 1935 669 1966 ess
675 1935 729 1983 pro·

58 1983 363 2047 vinciasproficisccrentun
382 1990 432 2029 tum
443 1982 478 2029 uti
489 1982 596 2046 quodque
606 1984 729 2046 collegium

58 2048 163 2113 primum
173 2055 296 2110 praetorum
307 2045 396 2104 fuisset,
408 2061 482 2108 neque
496 2047 520 2094 in
534 2047 661 2108 provincias
673 2064 727 2112 pro-

57 2113 113 2160 fecti
124 2120 206 2167 essent,
222 2111 255 2158 ita
267 2119 327 2157 sorte
343 2109 368 2156 in
385 2109 511 2172 provincias
525 2111 726 2173 proficiscerentur.

57 2176 85 2226 Si
95 2176 113 2222 ii
123 2176 153 2223 ad
164 2190 287 2222 numerum
298 2189 346 2221 non
360 2181 441 2232 essent,
450 2183 505 2222 tunc
513 2174 618 2238 deinceps
626 2177 726 2239 proximi

57 2241 172 2304 cujusque
188 2239 285 2302 collegii,
304 2239 344 2302 qui
362 2249 468 2302 praetores
485 2239 590 2299 fuissent,
609 2254 684 2304 neque
701 2240 726 2288 in

55 2304 185 2370 provincias
202 2304 297 2367 profecti
315 2311 397 2361 essent,
414 2302 439 2349 in
452 2313 536 2351 sortem
553 2304 725 2365 conjicerentur,

55 2369 134 2434 quoad
144 2368 164 2416 ie
174 2383 285 2415 numerus
295 2367 388 2415 effectur
403 2375 468 2425 esset,
480 2384 549 2430 quem
560 2368 590 2416 nd
600 2377 725 2416 numerum

55 2434 81 2482 in
91 2432 219 2498 provincias
230 2431 291 2478 mitti
301 2439 419 2494 oporteret.
443 2432 469 2480 Si
485 2433 537 2495 quis
553 2432 608 2479 huic
624 2434 725 2480 senatis·

54 2498 160 2547 consulto
170 2496 338 2554 intercessisset,
349 2495 471 2544 auctoritas
481 2496 680 2558 perscriberetur.''

47 2590 50 2595 ·
86 2561 152 2611 Huic
171 2561 374 2608 senatus-consulto
391 2560 514 2608 intercessit
533 2559 561 2607 C.
579 2559 673 2618 Coelius,
693 2558 722 2606 C.

53 2626 140 2684 Partes,
157 2624 245 2673 tribuni
262 2624 343 2688 plebis·
352 2682 355 2687 p
364 2624 412 2674 nn
428 2631 539 2689 preterea
551 2623 599 2672 (lu.
616 2622 728 2684 Pompeii

46 2698 104 2739 snut
111 2688 278 2749 aminsdverss,
290 2705 347 2754 quae
357 2689 465 2740 maxime
473 2687 647 2741 conibentiam
654 2685 744 2735 umbe-

73 2753 177 2813 (Epict)
194 2765 260 2804 vor.
278 2768 297 2802 1.
558 2770 583 2803 x
