1650 2948
167 145 219 195 Al)
234 137 412 198 DivERsos.
430 145 492 195 lua.
506 148 537 193 V.
558 149 595 193 12.
666 145 711 191 luo

39 272 116 334 illam,
128 273 158 322 de
173 277 221 338 qni
231 276 364 324 suavissime
375 278 474 341 quodam
487 278 511 323 in
523 275 632 339 prooemio
643 274 714 335 aerip-

41 338 100 397 ⁸i⁸ti‚
110 344 136 390 (a
146 342 192 402 qui
204 351 227 388 te
238 342 298 388 flecti
309 357 354 389 non
366 344 439 405 magis
449 342 549 405 potuisse
562 341 711 394 demonstrat,

41 417 115 465 quam
127 404 253 454 Herculem
267 406 461 470 Xenophonteum
472 406 540 453 illum
557 420 571 453 a
585 404 712 514 volpptete)

40 478 70 514 ee
81 468 101 514 si
111 482 151 515 me
165 470 207 519 tibi
217 471 376 519 vehementiue
391 469 569 528 eommendebit,
579 483 609 516 ne
660 481 713 530 per·

42 544 114 588 neret
132 535 251 598 arnorique
261 544 339 583 nostro
348 535 481 599 plusculum
489 534 567 594 etiem,
576 547 648 596 quem
658 543 713 579 eon·

37 594 108 643 eadat
117 597 209 656 veritae,
219 598 323 661 largiare.

74 659 148 719 Quod
162 661 181 709 ei
195 672 219 710 te
228 663 377 724 adduoemne,
389 672 416 712 ut
425 663 469 712 hoe
480 663 604 727 raecipiaa;
622 661 673 719 erit,
684 668 713 707 ut

42 723 103 771 mihi
115 727 250 788 pereum,
269 728 375 776 materies
391 729 462 791 digne
480 728 587 775 facultate
606 736 629 774 et
645 724 712 788 oopii

40 788 91 836 tui.
116 789 142 836 A
154 791 267 855 prindpio
279 792 341 840 nim
356 792 518 854 conjurationis
572 806 602 837 ue
616 789 646 838 ad
660 789 713 836 red-

40 851 103 899 itum
109 856 315 913 noenumpidetur
321 857 380 904 mihi
387 857 503 904 modicum
508 871 539 919 qu
570 854 624 900 dem
630 869 713 915 eorpus

41 917 124 964 eonfiei
133 933 214 981 poeee;
231 919 255 966 in
264 936 311 983 qao
321 930 344 969 et
354 921 395 968 iltt
402 920 487 984 poteria
498 920 531 966 uti
542 918 643 966 civilium
651 932 714 965 oom-

41 981 200 1030 mntationum
206 984 307 1042 sciendi,
318 986 355 1032 vel
365 986 389 1032 in
400 983 540 1048 explicandis
551 982 624 1030 ausit
635 995 713 1029 rerum

41 1058 166 1107 noveram,
178 1048 357 1096 velinremediie
364 1048 571 1107 incommodorum,
582 1061 635 1094 cum
647 1055 670 1094 et
677 1061 713 1093 re·

40 1109 172 1172 prehendet
182 1127 209 1159 ea
222 1128 275 1175 quae
281 1113 432 1176 vituperanda
443 1113 519 1171 dueee,
531 1120 562 1169 et,
574 1127 626 1176 quae
636 1111 712 1175 place·

41 1175 112 1232 bant,
125 1177 266 1240 exponendie
281 1178 405 1226 rationibus
418 1176 590 1241 comprobabis:
608 1184 639 1236 et,
653 1175 712 1224 sili-

30 1238 121 1287 ·limiue
132 1240 299 1300 (uteonsueeti)
310 1242 424 1305 egendum
435 1242 535 1304 putebia,
546 1242 674 1288 multorum
687 1239 713 1286 ia

43 1316 86 1350 noe
152 1304 224 1364 diem,
235 1305 336 1365 insidiae,
346 1306 505 1369 proditionem,
517 1305 614 1353 notabis.

108 1368 184 1416 ultam
194 1370 263 1418 etiam
273 1386 338 1418 mma
347 1370 418 1419 nostri
428 1370 471 1418 tilii
480 1369 611 1417 vertentem
623 1368 646 1415 in
658 1367 714 1415 teri-

41 1431 122 1480 ltendo
135 1434 323 1497 suppeditabunt,
336 1434 430 1498 plenam
444 1434 564 1494 cujusdam
579 1432 713 1495 voluptatie,

43 1509 98 1559 quie
109 1497 254 1546 vehementer
264 1499 352 1547 animoa
363 1499 485 1547 hominum
495 1497 520 1543 in
530 1496 628 1558 legendo
638 1506 714 1543 tenere

44 1560 124 1623 poerit
141 1561 210 1608 Nihil
221 1572 255 1610 est
264 1563 326 1610 enim
336 1564 411 1627 aptius
422 1563 452 1610 ad
463 1561 634 1608 delectationem
645 1560 715 1606 leeto-

43 1624 83 1684 ἡκ,
93 1640 167 1688 quam
175 1634 305 1688 temporum
316 1628 442 1684 varietates,
451 1626 595 1688 fortuneque
603 1623 714 1670 videntu-

42 1687 125 1746 dineat
142 1705 196 1752 quae
214 1691 256 1737 etei
273 1691 338 1738 nobis
355 1692 466 1755 optabiles
478 1690 503 1736 in
519 1688 656 1752 experiendo
667 1701 712 1734 non

43 1751 147 1812 inerunt,
166 1753 191 1800 in
205 1753 302 1817 legendo
317 1763 393 1802 temen
409 1764 476 1803 enmt
490 1753 606 1816 jucunde.
634 1752 714 1799 Habet

42 1817 106 1864 aliun
123 1818 232 1880 praeteriti
251 1819 333 1866 doloris
351 1835 429 1866 secura
444 1817 568 1867 recordatio
583 1816 713 1864 delectatio·

43 1894 105 1929 nun.
124 1880 219 1930 ceteris
230 1898 291 1941 vero,
299 1883 364 1930 nulli
370 1883 494 1946 perfunctis
501 1881 593 1947 proprii
600 1881 713 1940 molendi,

47 1959 109 1993 ame
127 1954 206 1993 antem
227 1947 312 1994 alienos
331 1947 380 1994 eine
398 1948 447 1994 ullo
465 1947 542 1994 dolore
562 1946 713 2005 intuentibue,

52 2009 115 2058 tiam
125 2010 176 2073 ipsa
183 2011 336 2058 miserioordia
343 2021 376 2058 est
382 2011 491 2072 jucunda.
508 2011 586 2068 Quem
594 2011 655 2058 enim
662 2025 715 2058 noe·

57 2077 106 2122 nm
124 2075 165 2121 ille
180 2075 280 2122 moriens
294 2075 356 2139 apud
376 2075 521 2122 Mantineam
542 2074 716 2138 Epaminondae

62 2153 91 2186 tn
99 2154 153 2186 enm
164 2140 266 2202 quidun
276 2140 420 2188 miseratione
430 2138 543 2186 delectet?
560 2140 601 2202 qni
611 2149 661 2186 tum
673 2140 713 2187 de-

66 2203 119 2266 ique
129 2203 173 2251 eibi
184 2204 251 2250 avelli
260 2206 327 2265 jubet
341 2205 464 2267 apiculum,
475 2211 624 2267 posteaquam
633 2204 654 2250 ei
663 2216 716 2278 per·

73 2266 148 2314 ntanti
155 2267 244 2314 dictum
255 2277 296 2327 est,
304 2270 410 2332 elypeum
419 2283 466 2315 esse
476 2269 566 2315 salvum
574 2285 582 2325 ς
599 2278 635 2328 ut,
644 2278 714 2316 enam

78 2332 180 2378 vulneris
188 2331 274 2390 dolore,
282 2349 349 2396 aeqno
357 2333 493 2380 animocum
504 2331 572 2380 laude
577 2342 711 2380 moreretur.

83 2396 120 2453 iae
131 2396 243 2453 studium,
254 2396 279 2442 in
292 2397 396 2459 legendo,
409 2411 455 2444 non
471 2406 569 2444 ereetum
582 2397 714 2443 Themisto·

95 2458 154 2522 fugi
168 2459 289 2523 redituque
298 2461 425 2509 retinetur?
442 2461 537 2508 Etenim
548 2460 603 2507 ordo
613 2460 662 2521 ipae
672 2472 714 2504 an-

93 2539 134 2571 um
145 2524 288 2572 mediocriter
300 2539 342 2572 nos
357 2525 446 2583 retinet,
463 2525 529 2587 quasi
545 2520 714 2592 enumeratione

98 2603 166 2635 num.
185 2590 219 2636 At
229 2588 271 2635 viri
281 2604 342 2652 sepe
352 2588 482 2636 excellentia
493 2587 602 2651 ancipites
612 2597 715 2644 veruque

104 2651 201 2701 thabent
206 2651 389 2714 admirationem,
396 2646 730 2718 exspectationem,latitiam,
