1650 2948
110 162 144 212 lc.
233 170 283 216 AD
300 170 476 218 DlVERSOS·
491 169 551 217 Iam.
563 168 599 217 11.
619 171 656 217 12.

104 314 138 346 co.
157 298 279 361 Quidquid
293 298 343 354 erit,
361 298 403 345 tibi
420 298 476 344 erite
494 289 614 360 sed,'quid
625 308 691 358 esset,
703 300 773 362 plane

105 363 267 409 nesciebamus
296 361 359 408 Mihi
377 362 526 420 (mehercule)
548 376 639 423 magnas
657 379 719 410 curae
740 375 775 413 est

105 426 200 473 aedilltas
215 435 267 472 tua:
280 426 328 487 ipse
344 425 392 472 dies
406 441 444 472 me
451 426 603 472 admouebat:
622 427 699 489 scripsi
711 429 773 476 enim

105 492 154 537 haee
165 491 219 551 ipsis
231 489 410 551 Megalensibus.
428 490 477 546 Tu,
490 490 568 545 velim,
579 490 609 536 ad
620 505 658 537 me
669 490 698 537 de
708 493 773 539 omni

104 555 234 615 reipublicae
245 562 305 599 statu
322 569 393 616 quam
406 553 579 615 diligentissime
589 555 722 616 perscribas·
736 557 773 604 Ea

104 618 166 664 enim
177 616 301 664 certissima
310 619 405 680 putabo,
416 632 470 679 quaa
480 633 509 664 ex
520 626 543 664 te
552 621 659 680 cognoro.
694 619 762 668 Vale.

103 815 113 865 (
123 808 173 873 12.)
188 811 225 860 Μ.
237 810 268 859 Τ.
280 810 308 859 C.
320 810 394 858 IMP.
406 809 443 857 M.
456 809 580 870 COELIO,
592 809 702 859 AEDILI
713 810 775 859 CU·'

343 874 437 933 RULI,
455 876 479 923 S.
491 874 524 921 D.

145 1005 340 1065 (Argumentum.
352 1029 383 1040 -
393 1001 603 1065 Appropinquante
624 1000 723 1050 discessu
740 1017 771 1051 ex

101 1069 226 1132 provinciis,
242 1068 330 1114 Urbem
348 1065 467 1123 desiderat,
479 1067 545 1126 cujus
555 1066 643 1113 huetius
656 1067 771 1128 provinci-

101 1133 176 1180 alibus
187 1131 291 1194 praefert:
308 1138 332 1176 et
342 1130 434 1177 obviam
444 1129 488 1177 sibi
497 1129 574 1178 literas
579 1129 641 1177 mitti
650 1131 770 1192 postulat.)

136 1257 251 1306 Sollicitus
257 1256 364 1320 equidem
372 1272 435 1304 eram
445 1257 474 1305 de
484 1260 552 1305 rebus
563 1257 670 1306 urbanis:
688 1257 721 1305 ita
731 1266 770 1306 tu-

103 1323 225 1370 multuosae
237 1321 362 1380 conciones,
378 1321 410 1368 ita
420 1323 522 1370 molesta
532 1322 702 1386 Quinquatrus,
713 1322 769 1370 affe·

102 1389 227 1435 rebantur:
244 1401 299 1433 nam
310 1384 413 1433 citeriora
427 1386 531 1433 nondum
542 1385 699 1433 audiebamus.
721 1385 768 1435 Sed

103 1459 180 1498 tamen
191 1450 249 1497 nihil
259 1466 297 1497 me
308 1450 382 1513 magis
392 1450 535 1509 sollicitabat,
545 1465 624 1512 quam,
636 1449 661 1496 in
671 1449 708 1497 his
718 1465 769 1498 mo-

100 1515 180 1573 lestiis,
192 1528 238 1562 non
249 1530 295 1573 me,
307 1515 387 1577 siqu‘ae
397 1514 492 1562 ridenda
498 1523 579 1572 essent,
590 1513 663 1560 ridere
673 1521 751 1562 tecum
760 1531 768 1562 ε
786 1542 789 1550 ι

101 1588 155 1626 sunt
166 1579 226 1626 enim
242 1579 332 1634 multa3
348 1578 387 1626 sed
398 1594 425 1625 ea
435 1594 482 1625 non
492 1577 565 1626 audeo
576 1577 678 1625 scribere.
704 1577 771 1626 Illud

101 1644 196 1692 moleste
204 1643 260 1702 fero,
272 1643 331 1690 nihil
338 1657 376 1689 me
384 1642 459 1690 adhuc
466 1641 537 1689 hisde
544 1643 612 1689 rebus
622 1641 706 1690 babere
717 1650 769 1690 tua·

101 1723 153 1754 rum
164 1707 289 1755 literarum.
311 1705 399 1765 Quare,
416 1707 466 1766 etsi,
478 1721 531 1754 cum
548 1714 574 1752 tu
585 1705 634 1753 hac
644 1705 714 1780 leges,
726 1714 771 1818 effi

98 1774 149 1833 J'am
163 1785 268 1818 mnuum
284 1784 370 1817 munus
385 1769 516 1826 confecero3
533 1777 610 1816 tamea
626 1771 700 1818 obviae
710 1785 734 1816 m
762 1770 768 1782 '

101 1835 171 1883 velim
181 1835 227 1881 sint
242 1834 314 1881 litera
324 1841 379 1894 tuas,
391 1849 443 1896 quae
453 1849 491 1880 me
507 1832 612 1880 erudiant
625 1832 654 1880 de
669 1833 735 1881 omni
744 1849 770 1882 rc

101 1899 203 1961 publici,
215 1913 244 1945 ne
255 1898 336 1960 hospes
346 1897 519 1960 planeveniam.
536 1897 590 1945 Hoc
595 1897 687 1959 melius,
695 1913 768 1962 quam

102 1971 137 2021 tu,
149 1962 222 2010 faeere
232 1975 301 2009 nemo
311 1969 392 2024 potest.

133 2025 249 2090 Diogenes
260 2034 322 2084 tuus,
332 2025 403 2072 homo
412 2026 537 2085 modestus,
556 2041 570 2073 a
583 2040 630 2085 me,
644 2040 699 2073 eum
710 2025 769 2074 Phi-

100 2092 160 2150 lone,
173 2090 310 2138 l’essinunte
322 2089 430 2138 discessit.
449 2090 497 2138 Iter
506 2091 621 2137 habebant
631 2088 661 2136 ad
672 2088 768 2138 Deiota·

99 2169 153 2202 rum
164 2169 258 2216 regesne
275 2169 418 2218 quamquam
425 2156 504 2202 omnia
510 2153 665 2217 necbenigna,
676 2168 719 2201 nec
729 2169 768 2202 oo·

101 2220 337 2341 molll'beohzndllhletm,
344 2281 378 2328 mi
385 2281 456 2341 Rufe,
464 2283 521 2341 cole,
528 2283 582 2329 etia
589 2280 633 2330 ista
643 2281 696 2328 luce
706 2281 766 2330 vive.

99 2344 342 2408 Omnispercgrinatio
357 2346 430 2408 (quod
437 2361 478 2408 ego
486 2349 516 2394 ab
523 2344 673 2394 adolescentia
677 2345 768 2406 judiea-

99 2411 263 2470 mobsmraet
271 2409 400 2456 sordidasst
407 2409 443 2467 iis,
450 2425 550 2472 quorum
560 2409 672 2457 industria
683 2410 767 2458 Βοωω

98 2483 173 2540 potest
183 2473 277 2521 illustris
292 2488 347 2520 ema
371 2473 442 2532 Quod
459 2489 513 2521 cum
525 2476 596 2537 probe
613 2474 702 2532 scirem,
720 2475 768 2522 uti·

99 2554 155 2588 nam
165 2539 189 2586 in
204 2536 314 2586 sententie
324 2538 497 2601 pemransissem
508 2539 514 2584 l
533 2538 594 2586 Cum
606 2538 655 2585 unh
665 2538 767 2591 (meher-

85 2603 151 2657 cule)
169 2602 382 2663 ambulatiunculd‚
402 2611 472 2673 atque
488 2605 536 2651 uno
554 2618 658 2650 semone
678 2611 765 2662 nostro,

66 2673 156 2710 omnes
161 2665 394 2734 [metuspmvr'nciae
405 2685 454 2720 non
465 2668 567 2722 coniers.
584 2669 657 2732 Spero
664 2666 768 2715 meinte-
