1650 2948
76 185 125 234 ³32
206 181 256 231 AD
266 179 446 231 DlVllRSOS.
464 181 526 230 Lru.
539 181 588 231 XI.
600 184 625 230 6.·

48 324 52 329 ’
75 337 131 400 (a)
149 336 186 385 M.
204 333 334 385 cronno
351 333 567 448 Sfflsssmw’
585 334 661 383 uun
679 324 743 384 cos:

109 531 304 592 (Arguowntum.
311 558 344 568 -
352 527 457 576 Excusat
472 543 505 586 se,
524 527 589 591 quod
600 527 670 575 Bruti
679 525 743 574 literis

77 608 124 643 non
135 594 292 658 responderit:
310 592 414 667 hortatur
425 592 455 640 ad
470 592 603 667 libertatem
617 604 743 656 recuperan-

77 659 147 708 dum:
166 668 188 707 et
199 673 269 706 suum
280 656 383 705 studium
391 672 418 704 ac
428 655 503 704 officia
512 657 656 720 pollsoettu.)

110 827 202 890 Lupus,
213 825 333 873 familiaris
343 832 428 884 noster,
446 839 500 872 cum
511 840 526 871 a
536 833 560 872 te
570 823 677 883 venisset,
687 837 745 871 cum-

77 907 124 966 pue
135 892 219 967 R.⁰¹¹¹.ae
229 889 342 964 quosdam
352 889 399 964 dies
410 898 600 948 commoraretur,
608 904 651 952 ego
658 886 745 962 eramin

225 956 609 1080 subrueremus
619 953 746 1064 meu:

77 1084 130 1142 iret,
141 1097 195 1130 eum
213 1089 290 1128 tamen
309 1081 411 1129 curhsset
425 1090 477 1129 tuas
494 1082 524 1128 sd
543 1097 583 1129 me
652 1079 746 1128 mendas

79 1147 181 1194 Romam
191 1154 270 1192 autem
281 1146 334 1192 veni
344 1161 365 1192 a.
375 1146 398 1192 d.
410 1146 519 1220 quintum
531 1146 590 1193 Idus
688 1143 746 1200 bris3

78 1224 121 1257 nec
137 1209 210 1258 habui
226 1208 355 1272 quidquam
374 1219 500 1273 antiquius,
517 1225 591 1273 quam
608 1218 635 1258 ut
651 1209 747 1257 Pansam

78 1273 157 1321 statim
175 1274 336 1330 convenirem3
354 1289 383 1320 ex
394 1289 441 1337 quo
452 1290 480 1321 ea
495 1273 525 1321 de
540 1283 563 1322 te
577 1274 683 1338 cognovi,
700 1287 747 1336 qun

78 1338 181 1386 maxime
191 1339 308 1400 optabam.
326 1338 406 1397 Quare
420 1338 549 1386 hortatione
563 1347 590 1386 tu
601 1338 696 1403 quidem
706 1351 747 1384 nou

79 1402 748 1466 eges,si'neillhquideminre,quaeategestnestpostho·

79 1467 172 1514 minum
182 1467 319 1514 memoriam
333 1466 445 1526 maxima,
461 1467 603 1515 hortatorem
614 1465 747 1515 assuerant

81 1531 147 1579 Illud
154 1540 233 1579 tamen
243 1531 341 1579 breviter
349 1531 524 1593 significandum
532 1531 632 1590 videtur,
641 1531 748 1594 populum

81 1596 218 1644 Romanum
234 1596 313 1643 omnia
330 1612 344 1643 o
361 1604 384 1643 te
400 1604 540 1658 exspectare,
556 1603 629 1659 atque
640 1595 665 1642 in
681 1593 749 1642 teali·

79 1661 173 1724 quando
184 1659 344 1723 recuperande
354 1660 464 1707 libertatis
475 1674 569 1707 ornnem
580 1676 648 1724 spem
662 1673 746 1722 ponere

113 1725 153 1771 Tu
165 1724 184 1770 si
194 1724 242 1770 dies
253 1732 377 1786 noctesque
389 1723 530 1783 memineris,
550 1725 624 1788 (quod
641 1732 665 1771 te
681 1724 748 1771 facere

79 1797 141 1836 certo
149 1787 204 1845 scio)
211 1795 323 1849 quantam
329 1803 379 1834 rem
389 1788 492 1850 gesseris,
503 1803 550 1835 non
561 1789 695 1837 obliviscere
702 1801 747 1851 pro·

79 1851 147 1910 fecto,
159 1859 252 1913 quantae
262 1850 305 1898 tibi
316 1852 386 1898 etiam
397 1867 459 1899 nuuc
469 1852 575 1914 gerendae
585 1853 638 1900 sint.
657 1853 683 1900 Si
693 1851 747 1900 enim

78 1914 122 1962 iste
132 1913 274 1976 provinciam
284 1923 366 1964 nactus
382 1917 433 1975 erit,
451 1917 489 1963 oui
504 1916 601 1980 quidem
612 1933 655 1980 ego
666 1929 747 1979 semper

78 1978 167 2026 amicus
183 1978 219 2025 fui
238 1989 292 2026 ante
309 1995 381 2042 quam
396 1981 465 2027 illum
482 1980 596 2040 intellexi,
616 1996 664 2029 non
685 1979 747 2028 modo

79 2050 166 2105 aperte,
175 2042 216 2089 sed
226 2042 296 2090 etiam
306 2044 412 2104 libenter,
421 2060 475 2093 eum
486 2046 605 2108 republicis
615 2046 704 2095 bellum
713 2058 747 2107 gt·

79 2121 146 2162 rere;
164 2122 229 2168 spem
241 2108 355 2171 reliquam
365 2111 454 2156 nullam
466 2108 532 2156 video
543 2110 631 2158 salutis.

113 2171 274 2228 Quamobrem
284 2180 307 2220 te
317 2175 409 2221 obsecro
416 2173 498 2221 iisdem
509 2174 625 2237 precibus,
637 2171 746 2238 quibusS·

79 2235 108 2282 P.
120 2235 152 2292 Q.
165 2234 196 2282 R.
213 2243 240 2283 ut
256 2236 281 2283 iu
295 2245 433 2300 perpetuum
449 2238 618 2301 rempublicam
634 2238 746 2286 dominatu

80 2299 143 2362 regio
153 2298 243 2358 liberes,
254 2308 282 2347 ut
291 2301 409 2365 principiis
420 2302 562 2350 consentiant
572 2303 657 2350 exitus.
674 2302 747 2349 Tuum

81 2372 116 2412 est
132 2363 176 2412 hoc
193 2379 289 2422 munus,
308 2372 355 2413 tuae
371 2374 461 2428 partes:
479 2382 493 2413 a
511 2375 534 2414 te
549 2367 594 2414 hoc
611 2367 700 2425 civitas,
717 2362 748 2413 vel

80 2443 161 2476 omnes
171 2429 247 2492 potius
258 2437 345 2491 gentes,
354 2445 401 2477 non
408 2439 541 2494 exspectant
546 2432 632 2492 solum,
640 2431 680 2489 sed
686 2430 748 2479 etiam

80 2494 214 2554 postulant:
232 2509 385 2558 quamquam,
403 2511 458 2542 cum
474 2495 604 2543 hortatione
623 2510 671 2544 non
690 2507 748 2558 egena

79 2559 200 2623 (utsupra
210 2558 308 2623 scripsi),
319 2573 366 2606 non
380 2567 433 2606 utar
450 2559 478 2606 eh
494 2560 601 2621 pluribus
613 2560 704 2608 verbis:
719 2557 749 2605 fo·

73 2622 140 2673 cium
151 2624 224 2687 illud,
240 2623 307 2691 quob
314 2639 398 2671 meum
406 2632 451 2680 est,
463 2631 494 2668 ut
503 2623 633 2670 ubismnia
642 2639 696 2672 mea
704 2621 748 2670 offi-

55 2689 119 2758 cia,
134 2693 230 2758 studia,
241 2707 323 2755 curas,
333 2684 758 2753 mgtuumesmhmnsmemm
