1650 2948
117 166 164 211 osu
243 160 293 207 Au
311 156 488 206 niveusos.
506 155 566 203 uu.
585 152 675 202 1x.·o.
712 122 715 132 ’

115 293 242 355 grstiouem
251 297 273 336 et
283 288 406 335 emtionem
417 284 512 333 feliciter
521 283 613 332 evenire
623 282 692 339 volo;
708 289 784 328 tuum·

83 372 87 385 ¹
115 357 196 420 quein
207 355 235 402 ei
245 351 396 400 reconsilium
407 352 487 412 probo.
503 348 568 396 Cura
578 356 607 395 ut
616 348 701 395 valeus.

173 545 227 607 (9.)
243 540 456 589 DOLABELLA
474 539 645 588 CICERONI
662 539 687 586 S.
698 537 732 586 D.

148 672 343 732 (Argumentum.
350 700 383 710 -
390 669 513 716 Dolabella
523 684 601 716 socero
611 683 656 716 suo
662 667 752 726 medei,
759 642 786 713 'ut

116 737 153 786 vel
166 752 190 783 se
200 750 254 782 sum
272 733 362 782 Caessre
375 735 509 796 eonjungst,
528 734 566 781 vel
579 733 604 779 iu
621 734 698 781 otium
715 745 785 791 seres
816 784 819 790 ¹

115 801 188 929 {05:⁸52
205 798 270 862 quod
283 798 346 846 idem
357 798 442 846 Coelius
450 805 561 857 suaserat,
573 796 615 844 lib.
627 796 707 858 VIII,
722 795 784 858 epia

148 993 175 1040 Si
185 991 255 1050 voles,
272 989 376 1051 gaudeo:
395 997 417 1036 et
434 990 484 1053 ipse
494 990 568 1049 valeo,
584 997 607 1036 et
617 989 703 1038 'Pullis
712 997 785 1039 noeirs

114 1065 175 1104 recte
182 1056 249 1102 valet.
261 1053 370 1101 Terentia
378 1052 455 1101 minus
465 1053 525 1101 belle
535 1053 634 1101 hebuit:
652 1055 785 1103 sedeermm

115 1121 161 1168 scio
169 1121 219 1180 jein
230 1117 373 1164 convaluisse
384 1133 443 1164 eam.
469 1118 583 1166 Praeteres
596 1119 725 1168 rectissime
735 1126 784 1168 suut

113 1183 177 1246 apud
193 1191 216 1228 te
226 1181 311 1228 omnis.
335 1181 388 1227 Etsi
402 1182 468 1229 nullo
477 1190 580 1264 tempore
590 1183 616 1229 in
634 1183 783 1247 suspiciones

113 1247 156 1294 tibi
166 1245 237 1293 debui
248 1245 333 1302 venire,
350 1245 452 1306 portium
468 1262 537 1294 musa
552 1247 631 1309 potius
646 1264 722 1310 quam
737 1248 782 1307 tiu,

113 1311 157 1359 tibi
174 1309 277 1370 suadere,
298 1317 326 1356 ut
342 1317 365 1355 te
382 1319 422 1356 aut
440 1325 494 1371 oum
511 1311 601 1358 Cessre
618 1313 783 1376 nobiscumque

113 1376 272 1436 conjungeres,
288 1382 330 1421 sut
345 1381 405 1421 eerte
416 1374 440 1420 in
451 1374 526 1422 otium
541 1375 654 1433 referrem
672 1378 783 1442 precipue

113 1454 184 1498 nunc,
202 1441 252 1500 jam
264 1438 375 1486 inclinati
391 1439 493 1497 victorii,
505 1453 534 1485 ne
544 1454 641 1502 possum
655 1439 783 1504 quidanin

113 1505 187 1552 ullum
198 1504 268 1550 uliam
279 1503 378 1550 incidere
388 1503 528 1566 opinionem,
536 1503 581 1550 nisi
591 1503 616 1550 in
629 1521 691 1565 mm,
704 1506 728 1554 in
741 1504 783 1569 qui

113 1569 198 1617 scilieet
208 1568 251 1615 tibi
261 1567 355 1615 suadere
366 1566 451 1625 videar,
463 1567 526 1630 quod
539 1568 577 1630 pie
588 1576 663 1617 tacere
676 1585 725 1618 nou
734 1585 782 1635 pos-

113 1649 173 1680 sum.
192 1632 232 1680 Tu
239 1641 325 1687 autem,
337 1631 371 1677 mi
382 1630 470 1690 Cioero,
482 1631 513 1678 sic
521 1631 571 1679 haeo
579 1633 686 1696 aoeipies,
695 1644 730 1693 ut,
740 1634 782 1682 sive

112 1698 272 1760 probabuntur
282 1695 332 1750 tibi,
344 1694 391 1741 sive
408 1710 454 1742 non
470 1697 638 1758 probabuntur,
654 1701 685 1746 ab
699 1699 782 1762 optimo

112 1770 172 1808 certe
182 1759 268 1868 andliimm
280 1774 307 1805 ao
316 1757 457 1807 deditissimo
466 1759 517 1819 tibi,
525 1768 547 1808 et
558 1761 657 1823 eogimta
668 1771 693 1810 et
703 1764 782 1827 scripte

112 1839 161 1871 esse
169 1839 196 1883 Ju
222 1838 265 1869 ees.

143 1885 782 1951 Animadvertis,(ln-Pompeiumnecnominissuinee
822 1919 823 1923 =

111 1958 315 2012 rerumgestarum
333 1951 415 2013 gloriis,
432 1967 508 2016 neque
524 1954 594 2001 etiam
611 1971 695 2018 regum
706 1972 733 2005 ao
742 1971 782 2003 no·-

110 2015 201 2062 tionum
211 2014 329 2072 clientelis,
341 2031 399 2078 quas
410 2025 522 2064 ostentare
533 2020 612 2066 crebro
627 2021 724 2081 solebat,
736 2035 782 2068 esse

110 2086 204 2133 tutum:
222 2086 245 2125 et
261 2078 304 2126 hoc
315 2079 393 2138 etism,
407 2081 470 2143 quod
486 2082 567 2130 infimo
580 2083 664 2147 cuique
680 2084 780 2148 contigit,¹

110 2142 145 2188 illi
156 2156 202 2189 non
213 2157 278 2204 posse
289 2144 428 2206 contingere,
439 2153 466 2191 ut
477 2146 571 2194 honeste
587 2148 690 2211 effligere
703 2149 780 2214 possit,

110 2206 178 2269 pulso
189 2206 268 2264 Italis,
280 2207 370 2255 emissis
382 2208 512 2272 Hispaniis,
528 2219 595 2273 cepto
608 2214 711 2261 exercitu
722 2223 782 2263 vete·

109 2285 175 2328 rano,
187 2271 357 2318 circumvallato
373 2286 434 2320 nunc
450 2273 563 2336 denique:
583 2277 647 2338 quod
661 2278 737 2326 nescio
752 2291 780 2325 sn

109 2334 169 2382 nulli
180 2339 284 2397 unquam
295 2345 372 2382 nostro
383 2336 488 2384 acciderit
498 2338 638 2402 imperatori

142 2398 310 2457 Quamobrem,
323 2400 379 2462 quid
391 2410 431 2448 aut
447 2402 486 2448 ille
501 2418 591 2466 sperare
601 2407 684 2468 possit,
696 2418 738 2456 sut
747 2415 779 2465 tui

109 2464 215 2512 animum
226 2463 318 2510 adverte
328 2479 370 2527 pro
382 2465 423 2512 tui
434 2467 563 2527 prudentii.
589 2470 628 2518 Sic
644 2472 708 2519 enim
719 2471 781 2519 facil-

107 2529 171 2588 lime,
180 2527 244 2592 quod
251 2527 293 2575 tibi
302 2527 450 2576 utilissimum
459 2531 509 2590 erit,
517 2533 606 2580 consilii
618 2536 701 2598 capies.
719 2534 781 2584 illud

102 2602 185 2645 sutem
197 2610 211 2644 a
222 2602 246 2644 te
254 2600 317 2660 peto,
327 2601 365 2652 ui,
375 2593 396 2641 si
404 2594 453 2655 iem
462 2594 502 2642 ille
513 2597 632 2646 evitaverit
642 2599 688 2649 ho'c
694 2602 781 2666 perieu-

13 2694 14 2700 =
95 2661 165 2728 lum,
177 2671 201 2713 et
213 2679 240 2715 se
252 2659 369 2714 sbiiieiii
381 2659 411 2708 ‘m
420 2659 698 2719 slussemmnuueum
704 2678 783 2713 mosu-
