1650 2948
168 104 220 154 An
237 104 415 156 Dlvnnsos.
434 106 494 155 nui.
513 107 559 155 iv.
579 108 614 156 1³.
686 110 730 165 107

62 235 123 296 pulit
134 234 230 298 insignis
245 236 338 296 injuria,
355 251 396 283 noc
406 236 464 282 mihi
481 236 608 299 quidquam
619 237 659 284 tali
672 246 730 285 tem.

62 314 117 360 pore
129 299 153 346 iii
165 309 266 348 mentem
281 301 343 347 venit
359 311 445 363 optare,
460 302 522 364 quod
537 317 583 348 nou
601 301 662 348 ultro
672 303 730 350 inihi

61 363 141 410 Caesar
159 363 281 422 detulerit3
299 374 377 412 tamen
394 365 467 413 nihilo
483 366 561 413 miuus
577 366 609 414 eis
627 366 732 415 conficior

61 428 500 493 ouris‚utipsum‚quodmuneamin
516 431 572 489 vitii,
589 445 731 494 pecuareme

61 492 202 541 existimem.
220 493 294 543 Curso
304 493 375 551 enim,
386 508 441 541 euin
449 494 631 547 familiarissimis
641 496 731 556 multis,

61 565 173 619 quosaut
182 572 245 608 mors
255 559 340 622 eripuit
349 557 424 615 nobis,
438 567 479 606 sut
488 559 593 607 distraxit
602 559 667 622 fuge,
678 569 731 608 tum

60 622 172 670 omnibns
182 623 270 684 annisis,
286 638 385 687 quorum
399 623 579 671 benevolentiam
594 624 660 672 nobis
676 640 731 674 oon·

61 685 152 734 ‹iililrat
167 688 221 750 (per
230 703 270 736 me
279 688 405 751 quondum,
417 695 441 734 ta
457 687 525 743 socio,
537 687 639 748 defensa)
651 705 730 753 respu-

60 750 140 808 bum
156 767 279 816 versorque
288 751 313 799 in
323 767 403 800 eorum
411 751 536 813 naufragiis
546 753 731 801 etbonorumdi·

60 814 269 892 reptii'miiiusineo
274 816 343 891 sudio
349 818 437 891 solum
447 815 509 891 quod
515 815 731 890 ipsumessetmise-

59 877 440 1022 mortuusis
452 879 732 1005 πω

59 1009 196 1056 inoendium
219 1010 387 1058 exstinximus:
413 1022 444 1068 et,
465 1009 490 1055 in
515 1008 564 1073 qui
583 1011 640 1057 urbe
660 1009 731 1058 modo

59 1074 146 1135 gratiis,
162 1074 304 1134 auctoritate,
318 1075 392 1137 glutit
405 1073 534 1136 floruimus,
548 1073 574 1120 in
591 1072 619 1122 ei
628 1089 691 1123 nuno
701 1073 730 1123 iis

60 1137 158 1200 quidem
168 1138 276 1186 omuibus
286 1154 396 1187 serenus.
522 1152 526 1158 ’
591 1175 592 1178 ¹

93 1201 236 1250 Obtinemus
246 1203 318 1266 ipsius
328 1203 425 1252 cussus
441 1218 558 1253 summam
569 1218 623 1266 erga
632 1218 674 1252 nos
684 1204 730 1252 hu-

59 1267 213 1323 manitatems
230 1267 270 1315 ud
287 1283 314 1315 es
330 1267 383 1331 plus
399 1281 446 1316 non
463 1276 547 1332 potest,
565 1282 636 1332 quum
654 1268 690 1316 vis
707 1277 731 1317 et

59 1331 161 1379 mutatio
174 1331 280 1380 omnium
296 1347 374 1380 rerum
390 1341 460 1397 atque
476 1341 614 1395 temporum.
636 1332 730 1396 Itaque,

60 1397 131 1445 orbus
149 1395 178 1443 iis
195 1399 263 1444 rebus
281 1396 397 1456 omnibus,
414 1397 499 1460 quibus
514 1405 538 1444 et
551 1405 634 1444 nature
648 1411 695 1454 me,
707 1405 730 1444 et

33 1507 38 1520 ,
61 1461 179 1518 voluutas,
196 1469 220 1508 et
237 1461 376 1509 consuetudo
394 1461 557 1515 assuefeoeruti
574 1475 629 1508 cum
644 1460 730 1507 esteris

61 1526 102 1588 (nt
111 1524 207 1589 quidem
214 1523 313 1584 videor),
324 1533 376 1573 tum
383 1526 443 1573 mihi
453 1526 510 1588 ipse,
517 1524 634 1587 displioeo.
652 1524 730 1571 Nauis

60 1589 125 1637 euim
135 1589 166 1637 ad
175 1589 291 1652 agendum
300 1605 389 1653 semper
398 1589 487 1654 aliquid
496 1588 594 1651 dignum
604 1587 661 1646 viru,
668 1602 731 1637 nuno

60 1668 109 1702 iion
126 1654 197 1702 modo
214 1653 297 1716 agendi
313 1655 425 1702 rationem
439 1654 529 1701 nullum
546 1652 628 1711 habeo,
644 1651 684 1699 sed
699 1665 730 1699 ne

60 1718 178 1781 eogitandi
188 1718 299 1781 quidem:
317 1725 348 1776 et,
359 1719 401 1782 qui
414 1727 481 1766 entes
491 1726 532 1765 aut
542 1717 643 1764 obscuris
653 1715 729 1763 homi-

60 1783 140 1841 miius,
151 1792 193 1830 aut
204 1783 275 1830 etism
291 1783 402 1841 sontibus,
415 1782 523 1846 opitulari
537 1791 649 1845 potarum,
666 1795 729 1829 nuno

60 1847 91 1895 Ρ.
104 1845 211 1909 Nigidio,
222 1847 265 1894 uni
280 1847 384 1895 omnium
399 1847 527 1894 doctissimo
541 1855 564 1893 et
578 1845 728 1906 senodssimo,

59 1918 84 1959 et
94 1911 200 1959 maximi
216 1911 334 1975 quondam
344 1911 425 1974 gratii,
439 1911 499 1958 mihi
509 1919 568 1958 uerte
582 1910 728 1970 amicissimo,

61 1990 91 2023 ne
101 1975 202 2038 benigne
211 1975 306 2039 quidem
316 1976 417 2039 polliceri
427 1990 530 2040 possum.

92 2039 159 2102 Ergo
165 2039 210 2088 hoo
217 2049 320 2104 ereptum
332 2049 365 2088 est
374 2041 495 2087 literarum
502 2054 583 2101 genus.
600 2039 728 2103 Reliquum

59 2111 103 2161 est,
114 2112 144 2152 ut
153 2105 263 2162 consoler,
274 2114 297 2153 et
307 2105 401 2152 efferam
410 2104 517 2157 rationes,
526 2103 610 2166 quibus
620 2114 644 2152 te
653 2120 667 2152 u
677 2119 729 2151 mo-

59 2169 133 2217 lestiis
146 2183 215 2217 ooner
231 2169 350 2217 abducere.
367 2169 404 2216 At
417 2183 444 2215 ea
461 2167 555 2230 quidem
571 2168 676 2226 facultas,
691 2168 727 2217 vel

59 2233 96 2281 tui
113 2233 151 2281 vel
167 2233 260 2280 alterius
276 2232 415 2291 consolandi,
425 2232 451 2279 in
465 2240 488 2279 te
500 2247 591 2281 summa
601 2242 642 2292 est,
654 2233 674 2280 si
684 2247 729 2279 un·
776 2248 780 2255 ·

59 2313 133 2361 quain
143 2297 169 2344 in
183 2297 232 2344 ullo
248 2296 300 2345 fuit.
319 2297 401 2360 Itaque
412 2313 463 2344 eam
475 2305 572 2360 partem,
584 2313 637 2361 quae
646 2300 676 2345 ab
687 2312 728 2344 ex-

60 2361 147 2426 quisiti
157 2361 259 2425 quidam
267 2362 354 2410 ratione
364 2369 387 2409 et
397 2361 500 2410 doctrinis
509 2361 666 2425 proficiscitur,
680 2375 727 2407 non

59 2426 189 2489 iuungam:
207 2425 250 2473 tibi
264 2434 336 2474 totam
352 2426 488 2489 relinquam.
511 2425 577 2484 Quid
593 2426 623 2473 sii
636 2424 690 2471 forti
705 2431 729 2470 et

59 2489 609 2619 „simii
618 2488 659 2562 u
671 2487 732 2614 iu

57 2627 125 2678 sius,
143 2618 230 2681 quilius
244 2618 368 2682 spueriut
382 2619 492 2684 floruisti,
511 2584 748 2685 sumpsimus
