<?xml version="1.0" encoding="UTF-8"?>
<!DOCTYPE html PUBLIC "-//W3C//DTD XHTML 1.0 Transitional//EN"
    "http://www.w3.org/TR/xhtml1/DTD/xhtml1-transitional.dtd">
<html xmlns="http://www.w3.org/1999/xhtml" xml:lang="en" lang="en">
 <head>
  <title>
</title>
<meta http-equiv="Content-Type" content="text/html;charset=utf-8" />
  <meta name='ocr-system' content='tesseract 3.04.00' />
  <meta name='ocr-capabilities' content='ocr_page ocr_carea ocr_par ocr_line ocrx_word'/>
</head>
<body>
  <div class='ocr_page' id='page_1' title='image "./operaexeditioni00cicegoog_0301.png"; bbox 0 0 1650 2948; ppageno 0'>
   <div class='ocr_carea' id='block_1_1' title="bbox 67 153 616 208">
    <p class='ocr_par' dir='ltr' id='par_1_1' title="bbox 67 153 616 208">
     <span class='ocr_line' id='line_1_1' title="bbox 67 153 616 208; baseline -0.011 0"><span class='ocrx_word' id='word_1_1' title='bbox 67 158 117 208; x_wconf 70' lang='lat'>284</span> <span class='ocrx_word' id='word_1_2' title='bbox 195 157 245 204; x_wconf 80' lang='grc' dir='ltr'>ΑΙ)</span> <span class='ocrx_word' id='word_1_3' title='bbox 262 155 441 206; x_wconf 72' lang='lat' dir='ltr'>Divnnsos.</span> <span class='ocrx_word' id='word_1_4' title='bbox 457 154 522 205; x_wconf 66' lang='lat'>1:11⁸.</span> <span class='ocrx_word' id='word_1_5' title='bbox 536 153 573 203; x_wconf 79' lang='lat' dir='ltr'>X.</span> <span class='ocrx_word' id='word_1_6' title='bbox 590 156 616 203; x_wconf 76' lang='lat'>4.</span> 
     </span>
    </p>
   </div>
   <div class='ocr_carea' id='block_1_2' title="bbox 70 282 748 2537">
    <p class='ocr_par' dir='ltr' id='par_1_2' title="bbox 73 282 745 783">
     <span class='ocr_line' id='line_1_2' title="bbox 73 282 740 349; baseline -0.004 -13"><span class='ocrx_word' id='word_1_7' title='bbox 73 303 103 336; x_wconf 80' lang='lat' dir='ltr'>ex</span> <span class='ocrx_word' id='word_1_8' title='bbox 114 285 211 349; x_wconf 68' lang='lat' dir='ltr'>epistolii</span> <span class='ocrx_word' id='word_1_9' title='bbox 221 284 261 332; x_wconf 78' lang='lat' dir='ltr'>tui</span> <span class='ocrx_word' id='word_1_10' title='bbox 269 285 371 348; x_wconf 74' lang='lat' dir='ltr'>eognovi.</span> <span class='ocrx_word' id='word_1_11' title='bbox 388 284 491 332; x_wconf 86' lang='lat' dir='ltr'>Nullum</span> <span class='ocrx_word' id='word_1_12' title='bbox 501 282 740 344; x_wconf 77' lang='lat' dir='ltr'>eniminteoffieinm,</span> 
     </span>
     <span class='ocr_line' id='line_1_3' title="bbox 74 347 742 413; baseline -0.004 -13"><span class='ocrx_word' id='word_1_13' title='bbox 74 367 105 400; x_wconf 89' lang='lat' dir='ltr'>ne</span> <span class='ocrx_word' id='word_1_14' title='bbox 112 350 236 398; x_wconf 84' lang='lat' dir='ltr'>minimum</span> <span class='ocrx_word' id='word_1_15' title='bbox 243 350 346 413; x_wconf 84' lang='lat' dir='ltr'>quidem,</span> <span class='ocrx_word' id='word_1_16' title='bbox 351 347 742 413; x_wconf 71' lang='lat' dir='ltr'>einemaximieolpi,videorpour</span> 
     </span>
     <span class='ocr_line' id='line_1_4' title="bbox 76 411 742 488; baseline -0.002 -26"><span class='ocrx_word' id='word_1_17' title='bbox 76 413 206 480; x_wconf 75' lang='lat' dir='ltr'>preterire:</span> <span class='ocrx_word' id='word_1_18' title='bbox 223 414 247 461; x_wconf 89' lang='lat' dir='ltr'>in</span> <span class='ocrx_word' id='word_1_19' title='bbox 259 429 305 488; x_wconf 81' lang='lat' dir='ltr'>quo</span> <span class='ocrx_word' id='word_1_20' title='bbox 315 413 401 461; x_wconf 88' lang='lat' dir='ltr'>tuendo</span> <span class='ocrx_word' id='word_1_21' title='bbox 406 414 480 461; x_wconf 73' lang='lat' dir='ltr'>habeo</span> <span class='ocrx_word' id='word_1_22' title='bbox 491 427 574 461; x_wconf 78' lang='lat' dir='ltr'>eeusas</span> <span class='ocrx_word' id='word_1_23' title='bbox 581 413 703 477; x_wconf 73' lang='lat' dir='ltr'>plurium,</span> <span class='ocrx_word' id='word_1_24' title='bbox 710 411 742 461; x_wconf 80' lang='lat' dir='ltr'>vei</span> 
     </span>
     <span class='ocr_line' id='line_1_5' title="bbox 74 476 744 543; baseline -0.003 -16"><span class='ocrx_word' id='word_1_25' title='bbox 74 488 177 543; x_wconf 74' lang='lat' dir='ltr'>peteme</span> <span class='ocrx_word' id='word_1_26' title='bbox 186 477 366 536; x_wconf 68' lang='lat' dir='ltr'>necessitudinis,</span> <span class='ocrx_word' id='word_1_27' title='bbox 378 477 415 525; x_wconf 85' lang='lat' dir='ltr'>vel</span> <span class='ocrx_word' id='word_1_28' title='bbox 425 492 484 525; x_wconf 76' lang='lat' dir='ltr'>meae</span> <span class='ocrx_word' id='word_1_29' title='bbox 491 493 506 524; x_wconf 85' lang='lat' dir='ltr'>e</span> <span class='ocrx_word' id='word_1_30' title='bbox 515 476 620 540; x_wconf 68' lang='lat' dir='ltr'>pueritii</span> <span class='ocrx_word' id='word_1_31' title='bbox 630 479 744 526; x_wconf 71' lang='lat' dir='ltr'>obman-</span> 
     </span>
     <span class='ocr_line' id='line_1_6' title="bbox 77 540 744 606; baseline -0.004 -15"><span class='ocrx_word' id='word_1_32' title='bbox 77 545 123 602; x_wconf 72' lang='lat' dir='ltr'>tie,</span> <span class='ocrx_word' id='word_1_33' title='bbox 136 543 172 591; x_wconf 82' lang='lat' dir='ltr'>vel</span> <span class='ocrx_word' id='word_1_34' title='bbox 186 543 221 590; x_wconf 92' lang='lat' dir='ltr'>tui</span> <span class='ocrx_word' id='word_1_35' title='bbox 232 558 285 606; x_wconf 79' lang='lat' dir='ltr'>erge</span> <span class='ocrx_word' id='word_1_36' title='bbox 298 557 337 589; x_wconf 89' lang='lat' dir='ltr'>me</span> <span class='ocrx_word' id='word_1_37' title='bbox 352 541 430 589; x_wconf 86' lang='lat' dir='ltr'>mutui</span> <span class='ocrx_word' id='word_1_38' title='bbox 446 541 538 588; x_wconf 81' lang='lat' dir='ltr'>amoris.</span> <span class='ocrx_word' id='word_1_39' title='bbox 557 541 649 602; x_wconf 81' lang='lat' dir='ltr'>Quare,</span> <span class='ocrx_word' id='word_1_40' title='bbox 666 541 699 589; x_wconf 87' lang='lat' dir='ltr'>mi</span> <span class='ocrx_word' id='word_1_41' title='bbox 708 540 744 589; x_wconf 81' lang='lat' dir='ltr'>Ci-</span> 
     </span>
     <span class='ocr_line' id='line_1_7' title="bbox 78 604 744 671; baseline -0.003 -16"><span class='ocrx_word' id='word_1_42' title='bbox 78 622 138 666; x_wconf 86' lang='lat' dir='ltr'>oero,</span> <span class='ocrx_word' id='word_1_43' title='bbox 150 606 213 671; x_wconf 85' lang='lat' dir='ltr'>quod</span> <span class='ocrx_word' id='word_1_44' title='bbox 230 622 282 654; x_wconf 81' lang='lat' dir='ltr'>mea</span> <span class='ocrx_word' id='word_1_45' title='bbox 292 615 378 670; x_wconf 80' lang='lat' dir='ltr'>tueque</span> <span class='ocrx_word' id='word_1_46' title='bbox 391 606 479 669; x_wconf 80' lang='lat' dir='ltr'>patitur</span> <span class='ocrx_word' id='word_1_47' title='bbox 495 613 560 664; x_wconf 75' lang='lat' dir='ltr'>etus,</span> <span class='ocrx_word' id='word_1_48' title='bbox 576 605 691 669; x_wconf 73' lang='lat' dir='ltr'>persuade</span> <span class='ocrx_word' id='word_1_49' title='bbox 700 604 744 661; x_wconf 79' lang='lat' dir='ltr'>tibi,</span> 
     </span>
     <span class='ocr_line' id='line_1_8' title="bbox 77 669 745 734; baseline 0.001 -16"><span class='ocrx_word' id='word_1_50' title='bbox 77 669 745 734; x_wconf 62' lang='lat' dir='ltr'>teunumeereinquoegooolendoponinmmihim·</span> 
     </span>
     <span class='ocr_line' id='line_1_9' title="bbox 79 734 658 783; baseline -0.007 0"><span class='ocrx_word' id='word_1_51' title='bbox 79 736 191 783; x_wconf 76' lang='lat' dir='ltr'>stituerim</span> <span class='ocrx_word' id='word_1_52' title='bbox 203 734 353 783; x_wconf 78' lang='lat' dir='ltr'><strong>sanctitatem.</strong></span> <span class='ocrx_word' id='word_1_53' title='bbox 655 764 658 769; x_wconf 79' lang='lat'><em>,</em></span> 
     </span>
    </p>

    <p class='ocr_par' dir='ltr' id='par_1_3' title="bbox 72 797 748 1555">
     <span class='ocr_line' id='line_1_10' title="bbox 109 797 747 863; baseline 0 -16"><span class='ocrx_word' id='word_1_54' title='bbox 109 799 200 847; x_wconf 78' lang='lat' dir='ltr'>Omnia</span> <span class='ocrx_word' id='word_1_55' title='bbox 210 799 280 863; x_wconf 81' lang='lat' dir='ltr'>igitur</span> <span class='ocrx_word' id='word_1_56' title='bbox 290 807 331 846; x_wconf 83' lang='lat' dir='ltr'>tua</span> <span class='ocrx_word' id='word_1_57' title='bbox 337 797 430 846; x_wconf 83' lang='lat' dir='ltr'>oonsilie</span> <span class='ocrx_word' id='word_1_58' title='bbox 439 797 499 845; x_wconf 86' lang='lat' dir='ltr'>mihi</span> <span class='ocrx_word' id='word_1_59' title='bbox 508 812 557 846; x_wconf 91' lang='lat' dir='ltr'>non</span> <span class='ocrx_word' id='word_1_60' title='bbox 564 799 644 862; x_wconf 71' lang='lat' dir='ltr'>magi·</span> <span class='ocrx_word' id='word_1_61' title='bbox 652 797 747 863; x_wconf 71' lang='lat' dir='ltr'>prodar·</span> 
     </span>
     <span class='ocr_line' id='line_1_11' title="bbox 79 861 747 929; baseline 0 -18"><span class='ocrx_word' id='word_1_62' title='bbox 79 864 118 911; x_wconf 80' lang='lat' dir='ltr'>tie</span> <span class='ocrx_word' id='word_1_63' title='bbox 125 864 197 927; x_wconf 84' lang='lat' dir='ltr'>plena</span> <span class='ocrx_word' id='word_1_64' title='bbox 208 867 271 927; x_wconf 77' lang='lat' dir='ltr'>(que</span> <span class='ocrx_word' id='word_1_65' title='bbox 281 878 373 911; x_wconf 81' lang='lat' dir='ltr'><strong>summa</strong></span> <span class='ocrx_word' id='word_1_66' title='bbox 383 861 427 923; x_wconf 78' lang='lat' dir='ltr'>est)</span> <span class='ocrx_word' id='word_1_67' title='bbox 436 862 554 921; x_wconf 83' lang='lat' dir='ltr'>videntur,</span> <span class='ocrx_word' id='word_1_68' title='bbox 570 878 646 929; x_wconf 74' lang='lat' dir='ltr'>qoem</span> <span class='ocrx_word' id='word_1_69' title='bbox 656 861 747 911; x_wconf 58' lang='lat' dir='ltr'>nodie</span> 
     </span>
     <span class='ocr_line' id='line_1_12' title="bbox 79 924 746 991; baseline -0.004 -15"><span class='ocrx_word' id='word_1_70' title='bbox 79 928 118 987; x_wconf 76' lang='lat' dir='ltr'>tie,</span> <span class='ocrx_word' id='word_1_71' title='bbox 130 944 202 991; x_wconf 82' lang='lat' dir='ltr'>quem</span> <span class='ocrx_word' id='word_1_72' title='bbox 213 944 255 991; x_wconf 79' lang='lat' dir='ltr'>ego</span> <span class='ocrx_word' id='word_1_73' title='bbox 265 943 294 975; x_wconf 87' lang='lat' dir='ltr'>ex</span> <span class='ocrx_word' id='word_1_74' title='bbox 305 928 358 975; x_wconf 74' lang='lat' dir='ltr'>mei</span> <span class='ocrx_word' id='word_1_75' title='bbox 367 925 504 975; x_wconf 71' lang='lat' dir='ltr'>consciendi</span> <span class='ocrx_word' id='word_1_76' title='bbox 516 926 609 975; x_wconf 81' lang='lat' dir='ltr'>metior.</span> <span class='ocrx_word' id='word_1_77' title='bbox 634 924 746 987; x_wconf 60' lang='lat' dir='ltr'>Queren&#39;</span> 
     </span>
     <span class='ocr_line' id='line_1_13' title="bbox 76 988 748 1054; baseline 0.001 -15"><span class='ocrx_word' id='word_1_78' title='bbox 76 1003 121 1040; x_wconf 75' lang='lat' dir='ltr'>eut</span> <span class='ocrx_word' id='word_1_79' title='bbox 137 993 203 1039; x_wconf 81' lang='lat' dir='ltr'>aliter</span> <span class='ocrx_word' id='word_1_80' title='bbox 219 991 334 1051; x_wconf 77' lang='lat' dir='ltr'>sentirem,</span> <span class='ocrx_word' id='word_1_81' title='bbox 348 1000 407 1039; x_wconf 83' lang='lat' dir='ltr'>certe</span> <span class='ocrx_word' id='word_1_82' title='bbox 423 990 551 1038; x_wconf 74' lang='lat' dir='ltr'>admonitio</span> <span class='ocrx_word' id='word_1_83' title='bbox 566 998 609 1039; x_wconf 78' lang='lat' dir='ltr'>tue</span> <span class='ocrx_word' id='word_1_84' title='bbox 626 1007 667 1041; x_wconf 80' lang='lat' dir='ltr'>me</span> <span class='ocrx_word' id='word_1_85' title='bbox 681 988 748 1054; x_wconf 78' lang='lat' dir='ltr'>repri-</span> 
     </span>
     <span class='ocr_line' id='line_1_14' title="bbox 81 1054 746 1119; baseline -0.002 -16"><span class='ocrx_word' id='word_1_86' title='bbox 81 1071 153 1114; x_wconf 82' lang='lat' dir='ltr'>mere,</span> <span class='ocrx_word' id='word_1_87' title='bbox 164 1065 213 1114; x_wconf 71' lang='lat' dir='ltr'>eut,</span> <span class='ocrx_word' id='word_1_88' title='bbox 229 1055 398 1115; x_wconf 73' lang='lat' dir='ltr'>ridubiterem,</span> <span class='ocrx_word' id='word_1_89' title='bbox 412 1055 510 1103; x_wconf 71' lang='lat' dir='ltr'>hortatio</span> <span class='ocrx_word' id='word_1_90' title='bbox 520 1054 652 1117; x_wconf 76' lang='lat' dir='ltr'>impellere,</span> <span class='ocrx_word' id='word_1_91' title='bbox 667 1062 746 1119; x_wconf 69' lang='lat' dir='ltr'>penei,</span> 
     </span>
     <span class='ocr_line' id='line_1_15' title="bbox 80 1119 748 1183; baseline 0.001 -17"><span class='ocrx_word' id='word_1_92' title='bbox 80 1128 108 1167; x_wconf 88' lang='lat' dir='ltr'>ut</span> <span class='ocrx_word' id='word_1_93' title='bbox 118 1120 142 1166; x_wconf 87' lang='lat' dir='ltr'>id</span> <span class='ocrx_word' id='word_1_94' title='bbox 154 1135 266 1183; x_wconf 77' lang='lat' dir='ltr'>sequerer,</span> <span class='ocrx_word' id='word_1_95' title='bbox 277 1119 340 1182; x_wconf 86' lang='lat' dir='ltr'>quod</span> <span class='ocrx_word' id='word_1_96' title='bbox 351 1129 377 1167; x_wconf 88' lang='lat' dir='ltr'>tu</span> <span class='ocrx_word' id='word_1_97' title='bbox 387 1120 502 1183; x_wconf 81' lang='lat' dir='ltr'>optimum</span> <span class='ocrx_word' id='word_1_98' title='bbox 512 1128 615 1183; x_wconf 79' lang='lat' dir='ltr'>putares.</span> <span class='ocrx_word' id='word_1_99' title='bbox 631 1120 704 1169; x_wconf 80' lang='lat' dir='ltr'>Nune</span> <span class='ocrx_word' id='word_1_100' title='bbox 712 1134 748 1167; x_wconf 84' lang='lat' dir='ltr'>re·</span> 
     </span>
     <span class='ocr_line' id='line_1_16' title="bbox 79 1180 748 1249; baseline 0.009 -20"><span class='ocrx_word' id='word_1_101' title='bbox 79 1198 105 1230; x_wconf 88' lang='lat' dir='ltr'>ro</span> <span class='ocrx_word' id='word_1_102' title='bbox 116 1183 173 1246; x_wconf 91' lang='lat' dir='ltr'>quid</span> <span class='ocrx_word' id='word_1_103' title='bbox 183 1192 225 1242; x_wconf 80' lang='lat' dir='ltr'>ert,</span> <span class='ocrx_word' id='word_1_104' title='bbox 237 1183 300 1247; x_wconf 85' lang='lat' dir='ltr'>quod</span> <span class='ocrx_word' id='word_1_105' title='bbox 310 1199 348 1231; x_wconf 90' lang='lat' dir='ltr'>me</span> <span class='ocrx_word' id='word_1_106' title='bbox 358 1184 383 1231; x_wconf 92' lang='lat' dir='ltr'>in</span> <span class='ocrx_word' id='word_1_107' title='bbox 393 1185 464 1232; x_wconf 76' lang='lat' dir='ltr'>eliam</span> <span class='ocrx_word' id='word_1_108' title='bbox 470 1192 561 1248; x_wconf 76' lang='lat' dir='ltr'>portem</span> <span class='ocrx_word' id='word_1_109' title='bbox 569 1180 748 1249; x_wconf 74' lang='lat' dir='ltr'>trehereporriti</span> 
     </span>
     <span class='ocr_line' id='line_1_17' title="bbox 79 1246 748 1311; baseline 0.006 -18"><span class='ocrx_word' id='word_1_110' title='bbox 79 1247 241 1311; x_wconf 82' lang='lat' dir='ltr'>Quaecumque</span> <span class='ocrx_word' id='word_1_111' title='bbox 251 1248 276 1294; x_wconf 93' lang='lat' dir='ltr'>in</span> <span class='ocrx_word' id='word_1_112' title='bbox 286 1263 324 1295; x_wconf 89' lang='lat' dir='ltr'>me</span> <span class='ocrx_word' id='word_1_113' title='bbox 334 1250 396 1296; x_wconf 78' lang='lat' dir='ltr'>bona</span> <span class='ocrx_word' id='word_1_114' title='bbox 406 1258 468 1309; x_wconf 80' lang='lat' dir='ltr'>sunt,</span> <span class='ocrx_word' id='word_1_115' title='bbox 480 1257 520 1296; x_wconf 77' lang='lat' dir='ltr'>rut</span> <span class='ocrx_word' id='word_1_116' title='bbox 530 1248 632 1297; x_wconf 80' lang='lat' dir='ltr'>fornmae</span> <span class='ocrx_word' id='word_1_117' title='bbox 643 1246 748 1297; x_wconf 72' lang='lat' dir='ltr'>bmeffio</span> 
     </span>
     <span class='ocr_line' id='line_1_18' title="bbox 79 1311 748 1388; baseline 0.006 -30"><span class='ocrx_word' id='word_1_118' title='bbox 79 1311 174 1370; x_wconf 79' lang='lat' dir='ltr'>tribute,</span> <span class='ocrx_word' id='word_1_119' title='bbox 186 1320 227 1360; x_wconf 83' lang='lat' dir='ltr'>ant</span> <span class='ocrx_word' id='word_1_120' title='bbox 236 1328 288 1360; x_wconf 88' lang='lat' dir='ltr'>meo</span> <span class='ocrx_word' id='word_1_121' title='bbox 298 1313 376 1361; x_wconf 76' lang='lat' dir='ltr'>labore</span> <span class='ocrx_word' id='word_1_122' title='bbox 386 1322 460 1377; x_wconf 73' lang='lat' dir='ltr'>porte,</span> <span class='ocrx_word' id='word_1_123' title='bbox 471 1312 514 1361; x_wconf 78' lang='lat' dir='ltr'>etei</span> <span class='ocrx_word' id='word_1_124' title='bbox 524 1328 539 1378; x_wconf 73' lang='lat' dir='ltr'>n</span> <span class='ocrx_word' id='word_1_125' title='bbox 548 1322 573 1361; x_wconf 86' lang='lat' dir='ltr'>te</span> <span class='ocrx_word' id='word_1_126' title='bbox 582 1322 679 1388; x_wconf 84' lang='lat' dir='ltr'>propter</span> <span class='ocrx_word' id='word_1_127' title='bbox 688 1326 748 1361; x_wconf 80' lang='lat' dir='ltr'>nmo·</span> 
     </span>
     <span class='ocr_line' id='line_1_19' title="bbox 80 1376 748 1440; baseline 0.001 -17"><span class='ocrx_word' id='word_1_128' title='bbox 80 1390 129 1423; x_wconf 87' lang='lat' dir='ltr'>rem</span> <span class='ocrx_word' id='word_1_129' title='bbox 140 1376 214 1424; x_wconf 77' lang='lat' dir='ltr'>errius</span> <span class='ocrx_word' id='word_1_130' title='bbox 222 1386 277 1426; x_wconf 79' lang='lat' dir='ltr'>eunt</span> <span class='ocrx_word' id='word_1_131' title='bbox 287 1378 406 1435; x_wconf 61' lang='lat' dir='ltr'>mimate</span> <span class='ocrx_word' id='word_1_132' title='bbox 417 1387 495 1425; x_wconf 78' lang='lat' dir='ltr'>temen</span> <span class='ocrx_word' id='word_1_133' title='bbox 503 1377 540 1425; x_wconf 85' lang='lat' dir='ltr'>vel</span> <span class='ocrx_word' id='word_1_134' title='bbox 550 1377 706 1427; x_wconf 75' lang='lat' dir='ltr'>innniossimi</span> <span class='ocrx_word' id='word_1_135' title='bbox 711 1378 748 1440; x_wconf 83' lang='lat' dir='ltr'>ju·</span> 
     </span>
     <span class='ocr_line' id='line_1_20' title="bbox 72 1439 748 1507; baseline 0.003 -19"><span class='ocrx_word' id='word_1_136' title='bbox 72 1439 748 1507; x_wconf 58' lang='lat' dir='ltr'>-diciotantanmeuepraeoerbonamfammnihildo</span> 
     </span>
     <span class='ocr_line' id='line_1_21' title="bbox 79 1504 314 1555; baseline 0.013 -3"><span class='ocrx_word' id='word_1_137' title='bbox 79 1504 177 1554; x_wconf 71' lang='lat' dir='ltr'>siderare</span> <span class='ocrx_word' id='word_1_138' title='bbox 187 1507 314 1555; x_wconf 78' lang='lat' dir='ltr'>videantur.</span> 
     </span>
    </p>

    <p class='ocr_par' dir='ltr' id='par_1_4' title="bbox 75 1569 748 2021">
     <span class='ocr_line' id='line_1_22' title="bbox 112 1569 748 1636; baseline 0 -16"><span class='ocrx_word' id='word_1_139' title='bbox 112 1569 192 1629; x_wconf 82' lang='lat' dir='ltr'><strong>Quare</strong></span> <span class='ocrx_word' id='word_1_140' title='bbox 202 1573 246 1620; x_wconf 88' lang='lat' dir='ltr'>hoo</span> <span class='ocrx_word' id='word_1_141' title='bbox 259 1588 333 1620; x_wconf 90' lang='lat' dir='ltr'>unum</span> <span class='ocrx_word' id='word_1_142' title='bbox 342 1571 384 1620; x_wconf 77' lang='lat' dir='ltr'>obi</span> <span class='ocrx_word' id='word_1_143' title='bbox 394 1569 519 1635; x_wconf 82' lang='lat' dir='ltr'>persuede;</span> <span class='ocrx_word' id='word_1_144' title='bbox 537 1579 655 1636; x_wconf 83' lang='lat' dir='ltr'>qnantum</span> <span class='ocrx_word' id='word_1_145' title='bbox 667 1570 748 1620; x_wconf 72' lang='lat' dir='ltr'>viribus</span> 
     </span>
     <span class='ocr_line' id='line_1_23' title="bbox 80 1635 747 1700; baseline 0.003 -18"><span class='ocrx_word' id='word_1_146' title='bbox 80 1635 145 1694; x_wconf 80' lang='lat' dir='ltr'>eniti,</span> <span class='ocrx_word' id='word_1_147' title='bbox 157 1637 250 1684; x_wconf 82' lang='lat' dir='ltr'>consilio</span> <span class='ocrx_word' id='word_1_148' title='bbox 260 1636 387 1699; x_wconf 85' lang='lat' dir='ltr'>providere,</span> <span class='ocrx_word' id='word_1_149' title='bbox 404 1636 537 1683; x_wconf 79' lang='lat' dir='ltr'>auctoritate</span> <span class='ocrx_word' id='word_1_150' title='bbox 547 1651 649 1696; x_wconf 83' lang='lat' dir='ltr'>morere,</span> <span class='ocrx_word' id='word_1_151' title='bbox 661 1645 747 1700; x_wconf 83' lang='lat' dir='ltr'>potero,</span> 
     </span>
     <span class='ocr_line' id='line_1_24' title="bbox 79 1699 747 1764; baseline -0.001 -17"><span class='ocrx_word' id='word_1_152' title='bbox 79 1699 124 1747; x_wconf 87' lang='lat' dir='ltr'>hoo</span> <span class='ocrx_word' id='word_1_153' title='bbox 134 1715 202 1748; x_wconf 89' lang='lat' dir='ltr'>omne</span> <span class='ocrx_word' id='word_1_154' title='bbox 212 1700 342 1763; x_wconf 76' lang='lat' dir='ltr'>reipublice</span> <span class='ocrx_word' id='word_1_155' title='bbox 348 1716 437 1763; x_wconf 83' lang='lat' dir='ltr'>semper</span> <span class='ocrx_word' id='word_1_156' title='bbox 447 1700 561 1748; x_wconf 85' lang='lat' dir='ltr'>futurum.</span> <span class='ocrx_word' id='word_1_157' title='bbox 577 1699 635 1748; x_wconf 84' lang='lat' dir='ltr'>Non</span> <span class='ocrx_word' id='word_1_158' title='bbox 643 1712 679 1749; x_wconf 81' lang='lat' dir='ltr'>est</span> <span class='ocrx_word' id='word_1_159' title='bbox 685 1700 747 1764; x_wconf 79' lang='lat' dir='ltr'>igno·</span> 
     </span>
     <span class='ocr_line' id='line_1_25' title="bbox 75 1763 747 1829; baseline 0.006 -20"><span class='ocrx_word' id='word_1_160' title='bbox 75 1771 118 1810; x_wconf 81' lang='grc' dir='ltr'>-ιιιι</span> <span class='ocrx_word' id='word_1_161' title='bbox 131 1765 190 1810; x_wconf 89' lang='lat' dir='ltr'>mihi</span> <span class='ocrx_word' id='word_1_162' title='bbox 203 1779 281 1812; x_wconf 76' lang='lat' dir='ltr'>senous</span> <span class='ocrx_word' id='word_1_163' title='bbox 296 1772 363 1812; x_wconf 80' lang='lat' dir='ltr'>tous:</span> <span class='ocrx_word' id='word_1_164' title='bbox 381 1780 464 1828; x_wconf 88' lang='lat' dir='ltr'>neque,</span> <span class='ocrx_word' id='word_1_165' title='bbox 481 1765 502 1812; x_wconf 84' lang='lat' dir='ltr'>si</span> <span class='ocrx_word' id='word_1_166' title='bbox 517 1764 624 1823; x_wconf 73' lang='lat' dir='ltr'><strong>facultas,</strong></span> <span class='ocrx_word' id='word_1_167' title='bbox 642 1763 747 1829; x_wconf 72' lang='lat' dir='ltr'>optabilis</span> 
     </span>
     <span class='ocr_line' id='line_1_26' title="bbox 77 1827 747 1892; baseline 0.007 -19"><span class='ocrx_word' id='word_1_168' title='bbox 77 1827 138 1873; x_wconf 84' lang='lat' dir='ltr'>mihi</span> <span class='ocrx_word' id='word_1_169' title='bbox 149 1827 251 1890; x_wconf 86' lang='lat' dir='ltr'>quidem,</span> <span class='ocrx_word' id='word_1_170' title='bbox 262 1828 298 1875; x_wconf 86' lang='lat' dir='ltr'>tui</span> <span class='ocrx_word' id='word_1_171' title='bbox 305 1829 421 1891; x_wconf 71' lang='lat' dir='ltr'>presentis</span> <span class='ocrx_word' id='word_1_172' title='bbox 432 1837 497 1887; x_wconf 80' lang='lat' dir='ltr'>esset,</span> <span class='ocrx_word' id='word_1_173' title='bbox 504 1843 611 1892; x_wconf 81' lang='lat' dir='ltr'>unquam</span> <span class='ocrx_word' id='word_1_174' title='bbox 621 1830 690 1877; x_wconf 79' lang='lat' dir='ltr'>ntuin</span> <span class='ocrx_word' id='word_1_175' title='bbox 697 1843 747 1877; x_wconf 85' lang='lat' dir='ltr'>eon·</span> 
     </span>
     <span class='ocr_line' id='line_1_27' title="bbox 80 1890 747 1954; baseline 0.007 -17"><span class='ocrx_word' id='word_1_176' title='bbox 80 1890 136 1937; x_wconf 77' lang='lat' dir='ltr'>siliis</span> <span class='ocrx_word' id='word_1_177' title='bbox 152 1891 317 1954; x_wconf 68' lang='lat' dir='ltr'>discreparem</span> <span class='ocrx_word' id='word_1_178' title='bbox 335 1907 377 1940; x_wconf 85' lang='lat' dir='ltr'>nee</span> <span class='ocrx_word' id='word_1_179' title='bbox 387 1908 450 1941; x_wconf 87' lang='lat' dir='ltr'>nunc</span> <span class='ocrx_word' id='word_1_180' title='bbox 460 1893 614 1953; x_wconf 76' lang='lat' dir='ltr'>committam,</span> <span class='ocrx_word' id='word_1_181' title='bbox 630 1902 657 1941; x_wconf 86' lang='grc' dir='ltr'>ιιι</span> <span class='ocrx_word' id='word_1_182' title='bbox 674 1894 747 1942; x_wconf 87' lang='lat' dir='ltr'>ullum</span> 
     </span>
     <span class='ocr_line' id='line_1_28' title="bbox 78 1955 576 2021; baseline 0.01 -21"><span class='ocrx_word' id='word_1_183' title='bbox 78 1968 158 2002; x_wconf 87' lang='lat' dir='ltr'>meum</span> <span class='ocrx_word' id='word_1_184' title='bbox 169 1955 256 2002; x_wconf 82' lang='lat' dir='ltr'>factum</span> <span class='ocrx_word' id='word_1_185' title='bbox 266 1957 429 2019; x_wconf 87' lang='lat' dir='ltr'>reprehendere</span> <span class='ocrx_word' id='word_1_186' title='bbox 434 1960 487 2018; x_wconf 80' lang='lat' dir='ltr'>J&#39;ure</span> <span class='ocrx_word' id='word_1_187' title='bbox 497 1957 576 2021; x_wconf 84' lang='lat' dir='ltr'>possis.</span> 
     </span>
    </p>

    <p class='ocr_par' dir='ltr' id='par_1_5' title="bbox 70 2019 747 2537">
     <span class='ocr_line' id='line_1_29' title="bbox 111 2019 746 2086; baseline 0.009 -22"><span class='ocrx_word' id='word_1_188' title='bbox 111 2019 170 2065; x_wconf 85' lang='lat' dir='ltr'>Sum</span> <span class='ocrx_word' id='word_1_189' title='bbox 189 2019 213 2066; x_wconf 90' lang='lat' dir='ltr'>in</span> <span class='ocrx_word' id='word_1_190' title='bbox 236 2023 402 2084; x_wconf 82' lang='lat' dir='ltr'>exspectatione</span> <span class='ocrx_word' id='word_1_191' title='bbox 420 2022 525 2069; x_wconf 88' lang='lat' dir='ltr'>omnium</span> <span class='ocrx_word' id='word_1_192' title='bbox 544 2037 633 2082; x_wconf 89' lang='lat' dir='ltr'>rerum,</span> <span class='ocrx_word' id='word_1_193' title='bbox 648 2021 708 2086; x_wconf 88' lang='lat' dir='ltr'>quid</span> <span class='ocrx_word' id='word_1_194' title='bbox 724 2021 746 2069; x_wconf 87' lang='lat' dir='ltr'>in</span> 
     </span>
     <span class='ocr_line' id='line_1_30' title="bbox 81 2081 747 2149; baseline 0.011 -21"><span class='ocrx_word' id='word_1_195' title='bbox 81 2081 159 2129; x_wconf 68' lang='lat' dir='ltr'>Gallie</span> <span class='ocrx_word' id='word_1_196' title='bbox 170 2083 279 2141; x_wconf 82' lang='lat' dir='ltr'>citeriore,</span> <span class='ocrx_word' id='word_1_197' title='bbox 308 2086 349 2133; x_wconf 91' lang='lat' dir='ltr'>uid</span> <span class='ocrx_word' id='word_1_198' title='bbox 359 2086 383 2133; x_wconf 93' lang='lat' dir='ltr'>in</span> <span class='ocrx_word' id='word_1_199' title='bbox 394 2087 459 2134; x_wconf 87' lang='lat' dir='ltr'>Urbe</span> <span class='ocrx_word' id='word_1_200' title='bbox 469 2101 548 2133; x_wconf 81' lang='lat' dir='ltr'>mense</span> <span class='ocrx_word' id='word_1_201' title='bbox 558 2086 675 2134; x_wconf 81' lang='lat' dir='ltr'>Januorio</span> <span class='ocrx_word' id='word_1_202' title='bbox 686 2083 747 2149; x_wconf 78' lang='lat' dir='ltr'>gern-</span> 
     </span>
     <span class='ocr_line' id='line_1_31' title="bbox 78 2101 746 2212; baseline 0.006 -19"><span class='ocrx_word' id='word_1_203' title='bbox 78 2155 126 2204; x_wconf 80' lang='lat' dir='ltr'>tur‚</span> <span class='ocrx_word' id='word_1_204' title='bbox 138 2145 178 2206; x_wconf 86' lang='lat' dir='ltr'>[ut</span> <span class='ocrx_word' id='word_1_205' title='bbox 188 2149 278 2212; x_wconf 70' lang='lat' dir='ltr'>sciam]</span> <span class='ocrx_word' id='word_1_206' title='bbox 292 2101 393 2197; x_wconf 72' lang='lat' dir='ltr'>interim</span> <span class='ocrx_word' id='word_1_207' title='bbox 411 2150 539 2198; x_wconf 83' lang='lat' dir='ltr'>maximam</span> <span class='ocrx_word' id='word_1_208' title='bbox 556 2150 596 2198; x_wconf 81' lang='lat' dir='ltr'>hio</span> <span class='ocrx_word' id='word_1_209' title='bbox 615 2149 746 2199; x_wconf 82' lang='lat' dir='ltr'>sollieitudi-</span> 
     </span>
     <span class='ocr_line' id='line_1_32' title="bbox 78 2214 746 2274; baseline 0.006 -17"><span class='ocrx_word' id='word_1_210' title='bbox 78 2226 132 2258; x_wconf 91' lang='lat' dir='ltr'>nem</span> <span class='ocrx_word' id='word_1_211' title='bbox 148 2227 272 2274; x_wconf 85' lang='lat' dir='ltr'>curamque</span> <span class='ocrx_word' id='word_1_212' title='bbox 289 2214 398 2272; x_wconf 80' lang='lat' dir='ltr'>sustineo,</span> <span class='ocrx_word' id='word_1_213' title='bbox 416 2230 453 2274; x_wconf 87' lang='lat' dir='ltr'>ne,</span> <span class='ocrx_word' id='word_1_214' title='bbox 471 2215 529 2262; x_wconf 89' lang='lat' dir='ltr'>inter</span> <span class='ocrx_word' id='word_1_215' title='bbox 542 2214 618 2262; x_wconf 81' lang='lat' dir='ltr'>aliene</span> <span class='ocrx_word' id='word_1_216' title='bbox 630 2215 695 2274; x_wconf 76' lang='lat' dir='ltr'>vitia,</span> <span class='ocrx_word' id='word_1_217' title='bbox 712 2214 746 2261; x_wconf 86' lang='lat' dir='ltr'>he</span> 
     </span>
     <span class='ocr_line' id='line_1_33' title="bbox 78 2276 745 2342; baseline 0.004 -19"><span class='ocrx_word' id='word_1_218' title='bbox 78 2284 156 2339; x_wconf 80' lang='lat' dir='ltr'>genter</span> <span class='ocrx_word' id='word_1_219' title='bbox 167 2284 243 2322; x_wconf 79' lang='lat' dir='ltr'>nostra</span> <span class='ocrx_word' id='word_1_220' title='bbox 253 2278 316 2324; x_wconf 80' lang='lat' dir='ltr'><strong>mala</strong></span> <span class='ocrx_word' id='word_1_221' title='bbox 326 2295 392 2326; x_wconf 79' lang='lat' dir='ltr'><strong>suam</strong></span> <span class='ocrx_word' id='word_1_222' title='bbox 409 2288 491 2342; x_wconf 88' lang='lat' dir='ltr'>putent</span> <span class='ocrx_word' id='word_1_223' title='bbox 509 2278 660 2327; x_wconf 69' lang='lat' dir='ltr'>occasionem.</span> <span class='ocrx_word' id='word_1_224' title='bbox 678 2276 745 2339; x_wconf 84' lang='lat' dir='ltr'>Quod</span> 
     </span>
     <span class='ocr_line' id='line_1_34' title="bbox 78 2339 745 2403; baseline 0.001 -15"><span class='ocrx_word' id='word_1_225' title='bbox 78 2341 98 2388; x_wconf 81' lang='lat' dir='ltr'>si</span> <span class='ocrx_word' id='word_1_226' title='bbox 108 2339 211 2402; x_wconf 78' lang='lat' dir='ltr'>proinde,</span> <span class='ocrx_word' id='word_1_227' title='bbox 223 2349 249 2386; x_wconf 91' lang='lat' dir='ltr'>ut</span> <span class='ocrx_word' id='word_1_228' title='bbox 259 2341 308 2403; x_wconf 89' lang='lat' dir='ltr'>ipse</span> <span class='ocrx_word' id='word_1_229' title='bbox 318 2357 414 2403; x_wconf 85' lang='lat' dir='ltr'>mereor,</span> <span class='ocrx_word' id='word_1_230' title='bbox 423 2343 481 2390; x_wconf 88' lang='lat' dir='ltr'>mihi</span> <span class='ocrx_word' id='word_1_231' title='bbox 493 2344 638 2401; x_wconf 67' lang='lat' dir='ltr'>successerite</span> <span class='ocrx_word' id='word_1_232' title='bbox 656 2353 716 2392; x_wconf 79' lang='lat' dir='ltr'>certe</span> <span class='ocrx_word' id='word_1_233' title='bbox 725 2350 745 2389; x_wconf 82' lang='lat' dir='ltr'>et</span> 
     </span>
     <span class='ocr_line' id='line_1_35' title="bbox 77 2404 744 2472; baseline 0.01 -20"><span class='ocrx_word' id='word_1_234' title='bbox 77 2405 128 2465; x_wconf 85' lang='lat' dir='ltr'>tibi,</span> <span class='ocrx_word' id='word_1_235' title='bbox 140 2404 177 2452; x_wconf 87' lang='lat' dir='ltr'>cui</span> <span class='ocrx_word' id='word_1_236' title='bbox 187 2404 288 2452; x_wconf 81' lang='lat' dir='ltr'>maxime</span> <span class='ocrx_word' id='word_1_237' title='bbox 299 2407 376 2469; x_wconf 75' lang='lat' dir='ltr'>cupio,</span> <span class='ocrx_word' id='word_1_238' title='bbox 383 2416 405 2455; x_wconf 86' lang='lat' dir='ltr'>et</span> <span class='ocrx_word' id='word_1_239' title='bbox 415 2408 523 2456; x_wconf 77' lang='lat' dir='ltr'>omnibus</span> <span class='ocrx_word' id='word_1_240' title='bbox 533 2407 587 2455; x_wconf 85' lang='lat' dir='ltr'>viris</span> <span class='ocrx_word' id='word_1_241' title='bbox 598 2408 675 2472; x_wconf 80' lang='lat' dir='ltr'>bonis,</span> <span class='ocrx_word' id='word_1_242' title='bbox 685 2408 744 2458; x_wconf 69' lang='lat' dir='ltr'>satin</span> 
     </span>
     <span class='ocr_line' id='line_1_36' title="bbox 70 2468 611 2537; baseline 0.013 -21"><span class='ocrx_word' id='word_1_243' title='bbox 70 2469 166 2519; x_wconf 69' lang='lat' dir='ltr'>faeiem.</span> <span class='ocrx_word' id='word_1_244' title='bbox 183 2468 231 2518; x_wconf 83' lang='lat' dir='ltr'>Fae</span> <span class='ocrx_word' id='word_1_245' title='bbox 239 2468 322 2532; x_wconf 79' lang='lat' dir='ltr'>valeas,</span> <span class='ocrx_word' id='word_1_246' title='bbox 333 2485 417 2535; x_wconf 83' lang='lat' dir='ltr'>meque</span> <span class='ocrx_word' id='word_1_247' title='bbox 426 2481 510 2522; x_wconf 86' lang='lat' dir='ltr'>mutuo</span> <span class='ocrx_word' id='word_1_248' title='bbox 520 2472 611 2537; x_wconf 77' lang='lat' dir='ltr'>diliger.</span> 
     </span>
    </p>
   </div>
   <div class='ocr_carea' id='block_1_3' title="bbox 0 0 831 2948">
    <p class='ocr_par' dir='ltr' id='par_1_6' title="bbox 0 0 831 2948">
     <span class='ocr_line' id='line_1_37' title="bbox 0 0 831 2948; baseline 0 0"><span class='ocrx_word' id='word_1_249' title='bbox 0 0 831 2948; x_wconf 95' lang='lat' dir='ltr'> </span> 
     </span>
    </p>
   </div>
  </div>
 </body>
</html>
