1650 2948
132 124 183 172 An
200 120 378 174 DIVERSOS.
398 126 457 172 Lru.
475 123 519 173 IX.
536 129 576 172 22.
639 124 686 176 273

18 258 59 307 103
78 253 119 298 etsi
136 254 269 301 Academiae
287 265 368 301 nostru¹
383 271 434 301 cun]
452 271 478 300 eo
489 269 573 315 magna
587 253 636 298 rixa
648 261 687 297 est.

19 316 65 361 Sed
77 322 114 368 (ut
127 318 187 375 dicu)
205 320 279 381 placet
294 321 383 375 Steiris,
401 335 571 380 unoquemque
586 331 633 362 reni
648 330 688 360 no-

19 380 83 426 mine
99 383 221 444 appellare.
237 384 274 430 Sic
289 385 350 430 enim
366 384 487 442 disserunt,
504 382 571 428 nihil
586 396 633 427 csse
648 381 689 425 0b-

19 457 132 503 muum,
148 447 207 493 nihil
217 456 285 510 turpe
295 447 365 494 dictu.
383 448 454 503 Nam,
468 448 487 494 si
498 446 561 510 quod
572 443 634 492 sitin
646 444 688 489 ob-

18 508 398 623 mutui
408 508 688 637 {termene

16 633 44 682 in
59 637 175 686 eomoediie
190 654 226 687 rea
239 640 290 702 ipaa
300 649 412 699 narratur,
430 647 457 688 ut
470 639 510 685 ille
520 638 545 684 in
557 635 688 696 Demiurgo

14 699 91 748 modo
107 701 176 754 (forte
194 705 255 750 nisti
272 704 403 751 eantimm:
420 701 547 751 meministi
566 699 687 756 Roscium,

19 764 39 792 ‘⁴
51 763 91 811 lta
99 779 138 813 me
147 766 250 815 destituit
263 767 413 827 nudum”...)
430 776 492 815 totus
506 774 541 812 eat
551 779 625 812 aermo
637 778 688 809 ver·

19 827 57 875 bi!
74 836 154 888 tectus,
166 846 191 879 re
204 832 374 895 impudentior;
389 830 428 879 sed
445 831 515 879 etiam
527 830 552 876 in
566 826 688 890 tragoediia.

20 890 88 967 Quid
98 903 132 941 eet
142 895 204 942 enim
218 896 276 943 illud
286 898 297 943 i
314 900 332 925 ⁶-
343 896 405 955 Quoe
414 895 498 942 mulier
508 908 556 941 una
564 893 609 941 ...’'
621 890 689 964 quid,

20 970 129 1082 tun
138 959 379 1073 nitu-‘etti
390 954 690 1079 irrumet}

20 1087 75 1133 eet?
97 1086 245 1150 “Virginem
265 1104 304 1136 me
325 1088 442 1152 quondum
462 1087 559 1135 invitam
578 1099 620 1149 per
640 1083 688 1131 vim

21 1148 117 1196 view
137 1150 232 1215 Jupiter
241 1153 316 1200 bone!
334 1153 422 1201 violat?
439 1151 504 1216 utqui
520 1151 583 1198 idem
602 1147 689 1212 signifi·

19 1220 74 1260 uate
91 1214 131 1262 aed
142 1215 239 1264 alterum
249 1231 318 1264 nemo
328 1217 423 1265 tulisset.

54 1277 127 1326 Videa
139 1279 218 1342 igitur,
232 1296 286 1328 cum
297 1281 377 1329 eedem
391 1297 426 1329 rea
441 1281 478 1340 eit,
490 1280 545 1343 quia
560 1280 631 1327 verba
640 1291 688 1324 non

22 1340 77 1400 rint,
88 1343 147 1390 nihil
159 1344 230 1393 videri
241 1354 314 1408 turpe.
330 1346 396 1407 Ergo
407 1345 432 1391 in
447 1360 472 1392 re
489 1359 535 1391 non
549 1352 596 1391 eat:
614 1341 690 1389 multo

21 1405 100 1454 minua
110 1407 135 1454 in
146 1409 228 1457 verbis.
246 1410 272 1459 si
282 1410 344 1458 enim
355 1408 418 1472 quod
428 1410 497 1455 verbo
505 1407 653 1470 significatur,
665 1404 690 1451 id

21 1477 91 1534 turpe
106 1486 154 1519 non
166 1482 208 1532 eet,
224 1477 329 1535 verbum,
344 1472 406 1537 quod
422 1472 543 1535 significat,
559 1479 626 1532 turpe
643 1483 690 1515 eaae

20 1548 68 1582 nun
79 1544 160 1598 potest.
178 1539 260 1585 Anum
270 1538 371 1601 appellas
379 1536 454 1584 alieno
467 1535 574 1582 nominee
592 1548 633 1581 eur
643 1546 690 1578 non

21 1613 65 1646 tuo
74 1601 168 1663 potius?
185 1603 211 1650 Si
221 1611 287 1666 turpe
298 1612 340 1661 eet,
358 1616 388 1649 ne
398 1601 473 1648 alieno
487 1597 596 1662 quidem:
615 1595 691 1642 sinon

21 1673 65 1722 eat,
83 1679 125 1712 ruo
142 1665 226 1728 potina.
244 1666 350 1714 Gaudam
364 1664 454 1739 antiqui
467 1678 551 1727 penem
561 1661 690 1709 vorabante

23 1742 119 1791 exque
136 1739 178 1790 eat,
196 1740 289 1794 propter
307 1730 490 1788 similitudinem,
509 1724 638 1791 penicillus.
655 1723 692 1770 At

23 1791 92 1840 hodie
101 1794 166 1856 penia
176 1804 210 1842 eet
220 1794 245 1841 in
255 1795 372 1842 obseoenie.
389 1795 425 1841 At
439 1808 492 1840 vero
503 1792 558 1838 Piso
568 1789 608 1837 ille
618 1787 692 1850 Frugi

24 1855 50 1903 in
59 1858 194 1905 Annalibus
205 1859 252 1906 suis
263 1860 374 1922 queritur,
385 1859 537 1905 adnleseentee
543 1853 597 1918 peni
604 1852 693 1900 deditae

25 1936 81 1968 esse.
100 1921 171 1980 Quod
188 1932 213 1969 tu
225 1924 250 1969 in
263 1923 359 1986 epistolii
370 1922 472 1985 appelias
483 1935 525 1967 auo
541 1918 643 1977 nomine,
654 1915 694 1964 ille

25 1985 107 2032 teetiua
123 2002 214 2048 penem.
232 1988 278 2035 Sed
292 1987 348 2050 quia
358 1986 435 2044 multi,
450 1985 535 2032 factum
548 1993 582 2030 eat
593 1991 641 2045 tam
651 1983 693 2029 ob·

24 2064 137 2107 aeoenum,
156 2067 227 2114 quarn
244 2052 269 2098 id
286 2053 391 2108 verbum,
406 2064 452 2112 quo
462 2058 489 2096 tu
503 2063 559 2095 neue
569 2062 601 2094 ee.
619 2044 693 2105 Quid,

26 2113 90 2176 quod
107 2115 177 2178 vulgo
194 2116 285 2175 dicitur,
304 2116 393 2163 “Cum
408 2128 449 2161 noa
466 2123 489 2159 te
508 2111 623 2159 volumus
639 2123 694 2156 eon-

24 2178 128 2238 venite,”
146 2193 204 2226 num
222 2182 353 2227 obaeoenum
372 2180 426 2226 eat?
445 2175 554 2233 Memini,
572 2175 597 2222 in
614 2181 694 2221 senatu

25 2241 138 2290 disertum
145 2244 286 2291 tumularem
294 2245 327 2291 ita
333 2242 425 2306 eloqui:
439 2245 456 2270 “
464 2241 533 2288 Hane
539 2240 635 2307 pulpam
643 2253 695 2285 ma·

24 2305 109 2366 joran,
126 2321 156 2354 an
166 2307 359 2367 illam‚dicam?”
375 2306 451 2369 potuit
464 2305 611 2353 obseoeniue?
629 2302 693 2359 Non,

26 2369 120 2434 inquiat
137 2372 254 2420 nonenim
263 2373 296 2420 ita
306 2371 384 2419 aenait.
402 2372 458 2419 Non
466 2385 519 2433 ergo
527 2370 552 2416 in
562 2368 631 2416 verbo
642 2373 692 2413 eat:

25 2433 95 2483 docui
112 2444 189 2484 autem
203 2437 229 2483 in
245 2452 270 2483 re
286 2450 332 2484 non
349 2451 411 2483 eaeer
432 2448 547 2497 nusquam
563 2432 634 2495 igitur
652 2436 696 2475 eat

28 2502 46 2527 ‘⁶
58 2499 149 2548 Liberis
170 2501 225 2548 dure
245 2501 363 2564 operam‚'‘
385 2514 456 2563 quam
477 2499 570 2544 honeste
591 2491 692 2541 dicitur!

27 2565 98 2611 etiam
114 2574 189 2628 patrea
205 2573 286 2628 regunt
303 2564 379 2613 filios:
397 2565 447 2625 ejua
460 2576 535 2625 operte
547 2571 631 2606 nomen
647 2567 694 2602 nou

24 2627 112 2677 audent
121 2628 201 2678 dicere
