1650 2948
110 114 142 160 38
229 112 278 158 AD
296 111 471 160 DIVERSOS.
488 110 549 160 dun.
566 110 602 160 11.
619 114 642 168 7.

109 240 159 298 (7.)
186 239 223 287 Μ.
235 240 265 287 Τ.
278 241 305 287 C.
329 240 543 296 Puocousuu,
566 240 595 288 C.
613 239 771 300 CURIONI,

285 304 444 353 TRIBUNO
461 305 512 353 PL.
530 305 554 352 S.
566 303 599 352 D.

142 433 333 493 (Argumentum.
342 431 420 478 -Ex
435 431 516 479 cilicis
527 431 622 478 Curioni
633 432 661 478 de
670 432 774 478 tribuna·

109 505 135 544 tu
142 498 214 559 plebis
223 497 364 558 gratulatum
376 496 533 558 hortaturque,
540 511 569 542 ne
576 498 641 556 cujus
652 497 774 543 consilium

109 569 225 624 sequatur,
234 561 280 618 sed,
288 560 350 623 quod
357 569 443 607 rectum
450 569 492 617 est,
502 569 628 608 oonstanter
636 561 720 617 facian
732 575 775 608 nec

109 625 210 688 potiatur
220 624 264 671 sibi
273 623 413 687 provinciam
424 624 559 687 prorogari.)

140 753 196 801 Sors
205 752 328 815 gratulatio
341 751 475 814 reprehendi
485 765 532 798 non
542 752 606 811 solet,
617 751 744 814 presertim
754 752 775 800 si

108 817 174 864 nulld
190 817 330 880 negligentis
343 816 494 879 prsetemrisss
508 828 548 863 est.
565 815 646 878 Longe
656 815 719 863 enim
733 818 774 864 ab·

108 897 177 930 sum:
195 880 264 928 sudio
272 896 328 928 sero.
346 880 391 928 Sed
398 879 444 927 ribi
454 889 477 927 et
487 880 597 942 gratulor,
609 888 639 938 et,
651 889 678 927 ut
689 880 777 944 sempi-

107 955 177 994 ternae
190 945 255 992 lsudr
271 947 314 992 tsln
331 953 360 992 ut
376 952 418 991 rste
435 944 573 1001 tribunatus,
587 952 687 1006 exopto:
705 952 775 1008 teque

106 1010 193 1066 hortor,
212 1017 239 1055 ut
255 1008 333 1055 omnia
349 1010 462 1070 gubernes
479 1017 502 1055 et
518 1008 634 1055 moderere
651 1008 775 1072 pmdentid

106 1071 163 1128 tud3
181 1087 210 1119 ne
221 1071 357 1119 tetulerunt
367 1071 464 1118 sliomm
475 1071 575 1119 consilia.
592 1072 670 1119 Nemo
679 1081 722 1132 est,
731 1073 774 1136 qui
785 1112 787 1119 ,

105 1137 148 1184 tibi
159 1134 283 1198 sapientius
297 1135 390 1182 sundere
404 1135 476 1198 possit
491 1136 588 1198 teipso:
606 1150 727 1200 nunquam
737 1137 773 1184 ls-

104 1202 168 1259 bere,
179 1200 199 1247 si
209 1208 232 1246 te
243 1198 329 1247 audies.
345 1199 401 1246 Non
417 1199 489 1246 scribo
499 1199 543 1247 hoc
553 1208 652 1247 tunore:
670 1199 708 1248 cui
718 1200 774 1248 sori-

105 1267 170 1321 bam,
189 1263 269 1310 video:
288 1262 341 1310 novi
357 1262 471 1320 animum,
488 1264 542 1310 novi
555 1263 676 1311 eonsilium
695 1272 772 1312 tuum.

107 1328 163 1375 Non
176 1342 262 1383 vereor,
273 1341 302 1374 ne
312 1326 369 1390 quid
383 1326 471 1386 timide,
485 1342 514 1374 ne
526 1328 583 1391 quid
598 1329 675 1388 stulte,
692 1328 771 1388 facias,

109 1392 166 1439 sien
176 1391 291 1449 defendes,
300 1407 352 1455 quae
362 1392 412 1454 ipse
422 1400 483 1440 reeta
498 1408 545 1439 esse
559 1392 648 1440 senties
666 1392 738 1450 Quod
747 1392 772 1440 in

109 1455 134 1503 id
144 1455 274 1518 reipublice
284 1464 375 1519 tempus
385 1470 431 1503 non
442 1456 554 1514 indideris,
566 1456 605 1503 sed
615 1456 712 1515 veneris,
724 1457 774 1517 (ju-

108 1520 168 1568 dicio
187 1519 249 1568 enim
261 1529 310 1580 tuo,
325 1535 371 1568 non
385 1536 448 1577 casu,
463 1521 488 1566 in
501 1520 579 1583 ipsum
594 1519 717 1568 discrimen
735 1536 772 1568 re·

108 1599 161 1632 rum
183 1584 297 1632 contulisti
315 1584 458 1632 tribunatum
478 1592 557 1642 tuum)
578 1583 679 1647 profecto
701 1584 773 1644 vides,

108 1658 196 1712 quanto
206 1648 241 1695 vis
250 1648 275 1695 in
285 1648 403 1711 republicd
413 1656 543 1711 temporum
553 1648 591 1707 sit,
603 1656 690 1710 quanta
700 1649 776 1696 varie·

104 1711 594 1834 ffinffildnffiinffireiffffdirffim
604 1711 774 1836 &dimit

104 1839 130 1888 in
141 1837 196 1898 virt,
211 1853 257 1886 non
276 1839 365 1896 dubito,
383 1838 440 1901 quin
457 1840 507 1902 cogi
625 1842 721 1896 (amabo
738 1840 773 1902 te)

27 1954 30 1960 ,
108 1919 172 1962 curs,
188 1910 210 1950 et
227 1903 301 1965 cogita
317 1903 376 1950 nihil
392 1903 461 1960 novi3
478 1903 518 1952 sed
535 1903 605 1956 (illud
621 1903 692 1963 idem,
711 1905 775 1968 quod

107 1966 173 2014 initio
184 1966 271 2030 scripsi)
280 1975 356 2014 tecum
363 1968 472 2030 loquere=
489 1967 774 2018 tesdhibeinoonsiliumr
797 2018 800 2023 ,

108 2040 132 2079 ts
142 2030 212 2078 sudis
229 2031 272 2078 tibi
278 2033 417 2096 obtempera.
433 2032 510 2080 Alteri
516 2031 558 2095 qui
565 2031 648 2079 melius
658 2031 713 2080 dare
721 2047 776 2081 oon-

107 2093 186 2143 silium
203 2095 282 2158 possit,
300 2110 370 2158 qusm
384 2103 419 2155 tu,
434 2111 480 2143 non
493 2096 559 2144 facile
574 2095 672 2143 inveniri
681 2104 775 2171 potests

107 2158 151 2208 tibi
165 2173 218 2205 vero
231 2158 276 2222 ipsi
293 2167 352 2207 certe
365 2174 433 2207 nemo
446 2160 529 2208 melius
539 2159 610 2208 dabit.
628 2159 670 2207 Dii
680 2176 777 2210 immor·

108 2221 182 2271 tales!
204 2236 245 2269 cur
259 2238 301 2284 ego
319 2237 366 2270 non
382 2223 473 2282 sdsum,
493 2225 530 2271 vel
549 2233 660 2288 spectrum
678 2224 777 2273 laudum

108 2285 259 2343 tutumve!
274 2287 395 2349 particeps,
409 2288 446 2334 vel
460 2287 541 2347 socius,
554 2288 591 2336 vel
606 2287 712 2335 minister
722 2303 777 2336 oon-

108 2350 233 2400 silioruml
251 2348 366 2414 [temetsi]
388 2350 432 2398 hoc
453 2351 549 2398 minime
567 2352 609 2398 tibi
630 2352 709 2408 desst3
736 2353 777 2400 ssd

110 2423 187 2463 tamen
198 2412 295 2462 efficeret
304 2414 439 2478 magnimdo
450 2423 473 2462 et
483 2415 517 2463 vis
526 2415 609 2464 amoris
619 2416 674 2476 mei,
683 2417 778 2465 oonsilio

43 2530 47 2549 ‚
88 2499 91 2502 ⁴
109 2486 171 2536 tout
180 2492 269 2554 possem
278 2479 366 2539 juvere.
515 2518 516 2523 ,

60 2595 64 2601 ,
138 2544 245 2590 Stmbnm
262 2542 291 2589 sd
309 2549 331 2589 te
348 2542 416 2606 plura
434 2543 504 2591 olins:
520 2543 680 2606 paucis-enim
695 2544 777 2594 diebus

87 2619 159 2658 mm
169 2607 288 2657 missurus
301 2606 438 2658 domesticos
453 2607 598 2667 tabellariost
614 2617 649 2670 ut,
664 2608 778 2673 quonium
