1650 2948
116 173 163 222 180
226 170 276 220 AD
293 169 469 221 DIVERSOS.
487 168 548 218 lun.
564 168 612 221 Vl·
628 169 669 220 22.

142 299 195 364 Ego
208 300 228 348 si
242 309 266 348 te
279 300 430 362 intelligerem
446 299 500 363 plus
524 307 634 347 sonatum
648 313 696 350 esse
709 298 780 347 susei-

110 381 165 428 pere
174 362 305 428 reipublice
315 364 384 412 eeusi
393 364 505 422 muneris,
516 378 588 426 quem
599 372 714 426 quantum
722 379 781 426 prns-

111 439 170 477 stare
188 444 273 492 posses,
291 437 377 487 temen,
391 428 576 490 quibuscumque
593 429 662 474 rebus
680 443 779 490 possem,

111 494 141 542 ud
152 509 203 541 enm
218 492 370 540 conditionem
383 499 405 539 te
420 491 520 550 vivendi,
536 507 589 554 quae
605 491 706 550 duretur,
719 508 781 555 quoe-

112 573 158 632 que
176 566 241 615 esset,
253 556 364 604 hortarer.
380 556 435 615 Sed,
447 571 501 603 eum
512 555 601 603 consilii
610 555 656 616 tui,
667 557 727 604 bene
736 556 781 605 for·

110 630 209 684 uterque
227 619 334 684 suseepti,
353 635 407 668 eum
426 619 471 666 tibi
485 619 556 667 finem
574 619 691 679 statueris,
711 634 781 684 quern

111 685 162 748 ipss
171 685 264 732 fortuna
273 684 399 732 terminum
408 693 538 731 nostrerum
547 683 724 731 contentionum
734 699 782 732 esse

112 749 238 807 voluisset3
256 763 296 797 oro
306 751 450 822 obtestorque
457 755 489 807 te,
500 762 543 810 pro
553 755 628 795 vetere
639 748 719 796 nostris
729 763 783 796 esn-

108 813 229 876 junctione
245 829 272 862 ae
287 811 461 869 neeessituqu
475 826 563 874 proque
578 811 672 859 summis
685 812 741 859 mels
756 812 782 861 in

111 885 135 926 te
146 877 312 936 benevolentiis,
327 885 350 924 et
363 875 404 924 tui
418 875 442 922 in
453 890 491 923 me
506 875 565 938 puri,
578 883 601 923 te
616 883 645 923 ut
654 875 731 936 nobis,
742 892 783 940 ps-

111 942 180 1002 renti,
191 941 293 1004 conjugi,
307 941 399 1004 tuisque
413 939 528 998 omnibus,
540 939 626 1002 quibus
636 955 661 987 es
671 939 783 1004 fuistique

113 1021 204 1068 semper
223 1005 359 1064 censimus,
377 1004 467 1052 sulum
481 1017 611 1055 conserves:
628 1003 783 1052 ineolumiteti

111 1078 167 1126 tun,
178 1077 326 1130 tuorumque,
337 1068 379 1131 qui
394 1083 423 1114 ex
434 1075 457 1115 te
466 1067 575 1130 pendent,
585 1068 712 1116 eonsulnse
730 1084 782 1132 quus

113 1131 220 1190 didicisti,
232 1146 330 1206 quaeque
342 1133 372 1178 ab
387 1130 544 1191 adnleseentia,
556 1131 712 1194 pulcherrime
722 1148 737 1180 s
746 1148 782 1184 ss·

111 1195 259 1258 pientissimis
271 1194 326 1242 viris
340 1193 433 1254 tradite,
446 1195 558 1243 memorii
573 1204 596 1243 et
609 1195 706 1247 edentii
719 1211 782 1250 uom-

110 1257 298 1323 prehendismls
306 1259 349 1306 hoe
357 1266 460 1322 tempore
469 1267 534 1307 unsre
541 1277 551 1306 r
568 1275 635 1322 quos,
647 1261 782 1321 eonjunetus

111 1322 204 1371 summis
220 1322 378 1370 benevolentia
395 1322 548 1386 plurimisque
566 1322 655 1385 officiis,
673 1324 779 1384 erreimsu',

109 1401 192 1499 porum
210 1386 357 1448 desiderium,
378 1386 399 1433 si
416 1401 464 1434 non
482 1401 549 1449 aequo
566 1387 655 1449 animo,
674 1398 700 1436 et
718 1388 779 1450 furti,

120 1465 177 1499 eres.

144 1515 206 1579 Ego,
223 1515 280 1579 quid
290 1514 384 1580 possim,
395 1514 486 1572 nesei03
504 1515 541 1563 vel
550 1515 630 1578 potius
641 1530 681 1564 me
696 1531 779 1581 perum

111 1595 178 1644 posse
194 1579 283 1627 sentio:
300 1579 359 1627 illud
375 1588 453 1626 temen
468 1577 512 1626 tibi
523 1579 641 1642 polliceor,
653 1595 701 1642 me,
717 1597 780 1656 quse·

24 1663 25 1667 ¹
112 1659 212 1708 eumque
226 1644 295 1691 saluti
312 1642 463 1706 dignitatique
481 1651 528 1691 tuse
542 1643 668 1692 uondueere
683 1647 781 1694 arbitru-

112 1709 163 1767 bor,
174 1716 238 1754 tanto
255 1707 330 1755 studio
341 1722 388 1754 esee
403 1706 527 1767 iacturum,
542 1716 630 1770 quanto
644 1723 736 1773 semper
752 1719 778 1758 ur

112 1779 136 1819 et
146 1770 221 1818 studio
232 1778 254 1818 et
264 1770 338 1818 officio
348 1770 373 1817 in
383 1770 442 1818 meis
455 1773 524 1819 rebus
532 1770 604 1819 suisti.
621 1771 693 1821 Hane
702 1788 778 1822 meum

110 1835 253 1883 voluntatem
270 1833 300 1880 ad
316 1843 414 1882 matrem
432 1843 506 1894 tuem,
526 1835 638 1898 optimum
657 1836 777 1898 seminem,

111 1897 192 1960 tuique
202 1896 391 1957 amantissimam,
405 1897 483 1946 detuli.
501 1898 527 1947 Si
555 1898 597 1946 uid
610 1899 641 1948 sd
655 1915 695 1949 me
708 1902 779 1966 serip-

112 1961 176 2019 seris,
186 1961 219 2008 itn
235 1960 326 2022 iunium,
342 1971 369 2010 ut
383 1963 474 2012 terelle
489 1961 514 2010 in
555 1975 630 2012 exero.
647 1964 690 2013 Sin
701 1974 777 2015 sutem

50 2059 52 2063 «
111 2024 640 2090 tuminusseripseris,egotamen0mnis,
665 2030 779 2092 qunetibi

111 2087 397 2207 unlmbmesssfllsrbitrsbot,
414 2105 505 2140 summo
522 2090 598 2141 studio
611 2091 780 2158 diligenterque

110 2165 167 2203 Cura
267 2169 288 2205 ev
728 2181 733 2190 ’
