1650 2948
131 119 162 171 aa
252 125 302 174 AD
319 120 497 175 DIVERS'OS.
513 122 574 173 1118.
589 114 638 173 IV.
654 115 678 172 ἃ

130 252 215 315 Neque
231 255 306 302 solum
324 271 351 302 ee
366 255 483 318 perspicis,
496 269 550 319 quae
565 260 685 316 geruntur,
699 265 767 314 quoq

128 317 179 376 jam
196 327 259 380 gesta
271 329 340 376 sunt;
358 317 493 379 sedetiam,
511 317 553 381 qui
566 333 645 365 aursus
659 330 767 378 rerum‚q

130 381 205 428 exitus
215 382 307 430 futurus
317 381 354 430 sit.
370 384 435 445 Ergo
445 391 486 430 aut
503 384 599 446 probare
610 387 699 444 oportet
709 395 737 427 ea
746 394 767 444 qt

130 444 197 502 fiunt,
209 455 249 493 aut
259 447 374 511 interesse,
382 449 452 494 etiam
461 447 480 495 si
490 462 536 494 non
545 448 642 509 probes3
654 459 755 509 quarum
765 462 767 488 ι

130 517 177 556 tera
188 511 246 558 mihi
257 511 338 574 turpis,
350 513 421 559 altera
434 512 503 559 etiam
518 509 653 574 periculosa,
666 509 728 557 ratio
734 507 767 556 vic*

130 581 175 620 tur.
631 590 635 605 =

161 639 251 697 Restat,
269 647 296 686 ut
314 639 477 688 discedendum
490 647 587 703 putem:
605 638 689 713 inquo
707 637 767 702 reliq

129 701 219 749 videtur
235 719 282 751 esse
291 703 432 763 deliberatio,
444 703 507 767 quod
517 703 675 751 eonsiliumun
689 701 767 751 dim

43 804 48 812 ,
129 781 182 830 quae
191 766 250 825 looa,
259 783 389 832 sequamur.
409 769 513 817 Omnino
521 766 728 815 cummiseriorres
737 780 767 814 nu

129 845 201 893 quam
215 832 305 892 accidit,
319 842 370 880 tum
384 848 414 881 ne
424 833 556 881 deliberatio
568 829 767 896 quidun'dilliorlit

130 895 198 943 Nihil
215 896 277 944 enim
293 898 399 945 constitui
415 906 498 961 potest,
515 896 577 960 quod
593 911 639 943 uon
655 895 758 949 incurrat

129 974 240 1023 magnam
250 961 352 1024 aliquam
360 961 525 1009 difficultatem.
542 961 591 1019 Tu,
603 960 623 1006 si
633 959 767 1019 videbitur,:

129 1039 208 1071 censeo
221 1025 298 1084 facias,
316 1034 351 1085 ut,
368 1026 389 1072 si
400 1026 471 1073 habes
483 1027 532 1086 Jam
548 1032 670 1083 statutum,
687 1022 767 1087 quldt

128 1088 244 1149 agendum
255 1096 329 1151 putes,
336 1089 360 1136 in
369 1105 416 1153 quo
424 1105 470 1136 uon
479 1089 508 1137 sit
518 1091 666 1149 conjunctum
677 1086 767 1135 aoneiliu

128 1158 197 1198 tuum
207 1167 260 1199 cum
271 1167 332 1212 meo,
344 1153 488 1215 supersedeas
498 1153 542 1201 hoc
552 1154 629 1200 labore
640 1151 745 1200 itineriae
761 1166 767 1199 ι

127 1223 206 1263 autem
223 1224 264 1273 est,
278 1216 340 1278 quod
354 1232 446 1264 meeum
460 1217 629 1265 communicare
644 1215 765 1280 veliaego

127 1281 270 1342 exspectabo.
287 1278 336 1336 Tu,
348 1281 411 1344 quod
423 1290 463 1329 tuo
474 1282 654 1339 commodabat,
665 1293 767 1344 quamqs

95 1403 96 1406 Ἴ
128 1357 195 1391 mum
205 1343 275 1391 velim
285 1345 370 1405 venias,
382 1345 441 1394 sicut
450 1345 555 1394 intellexi
561 1355 583 1394 et
591 1345 670 1395 Servio
678 1353 702 1394 et
712 1344 767 1394 Post

127 1407 286 1472 mia-placere.
304 1410 371 1458 Vale.

188 1595 240 1663 (3.)
258 1597 296 1646 Μ.
307 1597 339 1646 Τ.
351 1598 379 1647 Ο.
399 1598 471 1648 salt.
487 1596 646 1647 SULPICIO
662 1597 688 1646 S.
698 1596 732 1646 D.
754 1615 759 1624 ·

156 1724 352 1789 (Argumentum.
363 1745 397 1770 i-
407 1727 546 1791 Sulpicium,
561 1742 577 1774 a
593 1726 684 1776 casare
697 1725 767 1775 Aeln'

127 1798 179 1853 post
193 1791 265 1838 aciem
279 1791 432 1839 Pharsalicam
448 1791 591 1855 prefectum,
606 1792 744 1851 consulam,

126 1853 229 1902 dolorem
248 1869 277 1902 ex
298 1855 427 1903 calamitate
445 1856 576 1919 reipublice
594 1863 692 1919 ceperat.

126 1928 150 1965 ta
170 1927 223 1982 post
242 1918 382 1968 Africanum
402 1920 491 1968 bellum
515 1920 620 1981 (laseris,
636 1927 691 1968 uite
707 1919 767 1985 Hisq

125 1980 225 2045 nienae.)

156 2109 312 2169 Vehementer
322 2120 345 2160 te
361 2127 409 2161 esse
419 2113 551 2171 sollicitum,
562 2121 586 2160 et
595 2113 620 2160 in
632 2112 767 2163 communia

124 2175 220 2222 miseriis
231 2177 346 2240 praeoipuo
356 2177 457 2240 quodam
470 2178 547 2225 dolore
557 2178 621 2241 augi,
632 2178 702 2226 multi
712 2177 743 2226 ad
752 2192 767 2226 o

124 2239 226 2303 quotidie
236 2241 348 2288 deferunt.
366 2241 437 2300 Quod
449 2256 593 2306 quamquam
606 2242 704 2290 minime
713 2241 767 2292 mitt

123 2310 147 2356 at
163 2317 243 2379 meum
256 2305 426 2379 quodammodo
443 2321 558 2382 aguom03
576 2307 641 2382 doleo
658 2315 746 2382 tamen,
761 2314 767 2354 t

122 2367 235 2481 iffi
249 2369 767 2498 iiiiiuiuii'pblffiniiffl

122 2496 225 2559 quidem,
237 2497 280 2546 etsi
292 2498 379 2546 nemini
397 2499 503 2557 concedo,
515 2499 556 2562 qui
572 2501 686 2560 majorem
696 2515 726 2548 ex
740 2514 767 2564 pe

118 2560 180 2609 uteie
190 2569 213 2610 et
228 2570 294 2626 peste
309 2561 440 2626 reipublicae
454 2563 584 2611 molestiam
598 2563 702 2623 traxerit,
713 2571 767 2612 tamt

106 2625 187 2676 multa
192 2627 246 2692 jam
257 2627 418 2689 consolantur,
428 2627 577 2692 maximeque
586 2627 726 2690 ooueqieotia
736 2642 767 2678 ou
