<?xml version="1.0" encoding="UTF-8"?>
<!DOCTYPE html PUBLIC "-//W3C//DTD XHTML 1.0 Transitional//EN"
    "http://www.w3.org/TR/xhtml1/DTD/xhtml1-transitional.dtd">
<html xmlns="http://www.w3.org/1999/xhtml" xml:lang="en" lang="en">
 <head>
  <title>
</title>
<meta http-equiv="Content-Type" content="text/html;charset=utf-8" />
  <meta name='ocr-system' content='tesseract 3.04.00' />
  <meta name='ocr-capabilities' content='ocr_page ocr_carea ocr_par ocr_line ocrx_word'/>
</head>
<body>
  <div class='ocr_page' id='page_1' title='image "./operaexeditioni00cicegoog_0189.png"; bbox 0 0 1650 2948; ppageno 0'>
   <div class='ocr_carea' id='block_1_1' title="bbox 98 118 658 182">
    <p class='ocr_par' dir='ltr' id='par_1_1' title="bbox 98 118 658 182">
     <span class='ocr_line' id='line_1_1' title="bbox 98 118 658 182; baseline -0.002 -8"><span class='ocrx_word' id='word_1_1' title='bbox 98 124 146 182; x_wconf 80' lang='lat'>172</span> <span class='ocrx_word' id='word_1_2' title='bbox 211 125 261 174; x_wconf 80' lang='lat' dir='ltr'>Al)</span> <span class='ocrx_word' id='word_1_3' title='bbox 278 126 455 176; x_wconf 84' lang='lat' dir='ltr'><strong>DIVERSOS·</strong></span> <span class='ocrx_word' id='word_1_4' title='bbox 473 125 533 175; x_wconf 72' lang='lat' dir='ltr'>Iam.</span> <span class='ocrx_word' id='word_1_5' title='bbox 550 122 598 177; x_wconf 85' lang='lat' dir='ltr'>VI.</span> <span class='ocrx_word' id='word_1_6' title='bbox 617 118 658 174; x_wconf 65' lang='lat' dir='ltr'>lde</span> 
     </span>
    </p>
   </div>
   <div class='ocr_carea' id='block_1_2' title="bbox 94 253 772 2036">
    <p class='ocr_par' dir='ltr' id='par_1_2' title="bbox 94 253 768 367">
     <span class='ocr_line' id='line_1_2' title="bbox 94 253 768 320; baseline 0 -19"><span class='ocrx_word' id='word_1_7' title='bbox 94 253 155 302; x_wconf 83' lang='lat' dir='ltr'>nihil</span> <span class='ocrx_word' id='word_1_8' title='bbox 165 254 203 313; x_wconf 84' lang='lat' dir='ltr'>sit,</span> <span class='ocrx_word' id='word_1_9' title='bbox 215 255 278 318; x_wconf 92' lang='lat' dir='ltr'>quod</span> <span class='ocrx_word' id='word_1_10' title='bbox 292 271 338 303; x_wconf 89' lang='lat' dir='ltr'>non</span> <span class='ocrx_word' id='word_1_11' title='bbox 349 257 426 320; x_wconf 86' lang='lat' dir='ltr'>ipsum</span> <span class='ocrx_word' id='word_1_12' title='bbox 441 256 557 304; x_wconf 73' lang='lat' dir='ltr'>Caesarem</span> <span class='ocrx_word' id='word_1_13' title='bbox 570 255 714 303; x_wconf 77' lang='lat' dir='ltr'>tributurum</span> <span class='ocrx_word' id='word_1_14' title='bbox 727 269 768 302; x_wconf 79' lang='lat' dir='ltr'>ex·</span> 
     </span>
     <span class='ocr_line' id='line_1_3' title="bbox 101 319 211 367; baseline -0.009 0"><span class='ocrx_word' id='word_1_15' title='bbox 101 319 211 367; x_wconf 84' lang='lat' dir='ltr'>istimem.</span> 
     </span>
    </p>

    <p class='ocr_par' dir='ltr' id='par_1_3' title="bbox 95 383 771 893">
     <span class='ocr_line' id='line_1_4' title="bbox 128 383 768 447; baseline 0.003 -17"><span class='ocrx_word' id='word_1_16' title='bbox 128 383 182 440; x_wconf 86' lang='lat' dir='ltr'>Sed,</span> <span class='ocrx_word' id='word_1_17' title='bbox 194 385 214 431; x_wconf 90' lang='lat' dir='ltr'>si</span> <span class='ocrx_word' id='word_1_18' title='bbox 224 385 312 432; x_wconf 76' lang='lat' dir='ltr'>tordius</span> <span class='ocrx_word' id='word_1_19' title='bbox 323 384 358 442; x_wconf 81' lang='lat' dir='ltr'>fit,</span> <span class='ocrx_word' id='word_1_20' title='bbox 371 399 442 447; x_wconf 81' lang='lat' dir='ltr'>quem</span> <span class='ocrx_word' id='word_1_21' title='bbox 453 385 576 441; x_wconf 78' lang='lat' dir='ltr'>volumus3</span> <span class='ocrx_word' id='word_1_22' title='bbox 594 383 686 447; x_wconf 77' lang='lat' dir='ltr'>magnis</span> <span class='ocrx_word' id='word_1_23' title='bbox 702 399 768 432; x_wconf 85' lang='lat' dir='ltr'>oceu-</span> 
     </span>
     <span class='ocr_line' id='line_1_5' title="bbox 95 447 767 511; baseline 0.001 -17"><span class='ocrx_word' id='word_1_24' title='bbox 95 448 226 511; x_wconf 80' lang='lat' dir='ltr'>pstionibus</span> <span class='ocrx_word' id='word_1_25' title='bbox 237 451 294 509; x_wconf 83' lang='lat' dir='ltr'>ejus,</span> <span class='ocrx_word' id='word_1_26' title='bbox 302 464 369 511; x_wconf 83' lang='lat' dir='ltr'>aquo</span> <span class='ocrx_word' id='word_1_27' title='bbox 377 448 455 495; x_wconf 88' lang='lat' dir='ltr'>omnis</span> <span class='ocrx_word' id='word_1_28' title='bbox 461 457 579 511; x_wconf 82' lang='lat' dir='ltr'>petuntur,</span> <span class='ocrx_word' id='word_1_29' title='bbox 590 448 667 496; x_wconf 76' lang='lat' dir='ltr'>editus</span> <span class='ocrx_word' id='word_1_30' title='bbox 678 447 707 495; x_wconf 85' lang='lat' dir='ltr'>ed</span> <span class='ocrx_word' id='word_1_31' title='bbox 714 463 767 495; x_wconf 89' lang='lat' dir='ltr'>eum</span> 
     </span>
     <span class='ocr_line' id='line_1_6' title="bbox 97 511 769 569; baseline 0.003 -11"><span class='ocrx_word' id='word_1_32' title='bbox 97 511 234 559; x_wconf 82' lang='lat' dir='ltr'>difficiliores</span> <span class='ocrx_word' id='word_1_33' title='bbox 251 513 362 559; x_wconf 80' lang='lat' dir='ltr'>suerunt:</span> <span class='ocrx_word' id='word_1_34' title='bbox 381 520 404 559; x_wconf 88' lang='lat' dir='ltr'>et</span> <span class='ocrx_word' id='word_1_35' title='bbox 414 513 493 569; x_wconf 83' lang='lat' dir='ltr'>simul,</span> <span class='ocrx_word' id='word_1_36' title='bbox 506 512 625 559; x_wconf 75' lang='lat' dir='ltr'>Africanae</span> <span class='ocrx_word' id='word_1_37' title='bbox 639 527 714 559; x_wconf 73' lang='lat' dir='ltr'>neusse</span> <span class='ocrx_word' id='word_1_38' title='bbox 723 512 769 560; x_wconf 85' lang='lat' dir='ltr'>irs·</span> 
     </span>
     <span class='ocr_line' id='line_1_7' title="bbox 98 575 769 640; baseline 0.003 -18"><span class='ocrx_word' id='word_1_39' title='bbox 98 575 150 635; x_wconf 81' lang='lat' dir='ltr'>tior,</span> <span class='ocrx_word' id='word_1_40' title='bbox 162 575 249 623; x_wconf 86' lang='lat' dir='ltr'>diutius</span> <span class='ocrx_word' id='word_1_41' title='bbox 260 576 318 623; x_wconf 87' lang='lat' dir='ltr'>velle</span> <span class='ocrx_word' id='word_1_42' title='bbox 329 576 419 623; x_wconf 86' lang='lat' dir='ltr'>videtur</span> <span class='ocrx_word' id='word_1_43' title='bbox 427 592 465 624; x_wconf 90' lang='lat' dir='ltr'>eos</span> <span class='ocrx_word' id='word_1_44' title='bbox 472 577 555 624; x_wconf 81' lang='lat' dir='ltr'>hebere</span> <span class='ocrx_word' id='word_1_45' title='bbox 566 576 683 635; x_wconf 81' lang='lat' dir='ltr'>sollicitos,</span> <span class='ocrx_word' id='word_1_46' title='bbox 691 592 706 624; x_wconf 82' lang='lat' dir='ltr'>s</span> <span class='ocrx_word' id='word_1_47' title='bbox 715 576 769 640; x_wconf 90' lang='lat' dir='ltr'>qui·</span> 
     </span>
     <span class='ocr_line' id='line_1_8' title="bbox 97 639 768 702; baseline 0.001 -15"><span class='ocrx_word' id='word_1_48' title='bbox 97 640 142 687; x_wconf 88' lang='lat' dir='ltr'>bus</span> <span class='ocrx_word' id='word_1_49' title='bbox 153 655 177 687; x_wconf 86' lang='lat' dir='ltr'>se</span> <span class='ocrx_word' id='word_1_50' title='bbox 190 647 258 702; x_wconf 78' lang='lat' dir='ltr'>putat</span> <span class='ocrx_word' id='word_1_51' title='bbox 268 639 450 688; x_wconf 82' lang='lat' dir='ltr'>diuturnioribus</span> <span class='ocrx_word' id='word_1_52' title='bbox 465 655 513 688; x_wconf 84' lang='lat' dir='ltr'>esse</span> <span class='ocrx_word' id='word_1_53' title='bbox 528 640 639 688; x_wconf 80' lang='lat' dir='ltr'>molestiis</span> <span class='ocrx_word' id='word_1_54' title='bbox 653 640 768 688; x_wconf 73' lang='lat' dir='ltr'>oonfliets·</span> 
     </span>
     <span class='ocr_line' id='line_1_9' title="bbox 98 703 770 769; baseline 0.001 -18"><span class='ocrx_word' id='word_1_55' title='bbox 98 711 158 751; x_wconf 74' lang='lat' dir='ltr'>mm.</span> <span class='ocrx_word' id='word_1_56' title='bbox 174 703 220 752; x_wconf 88' lang='lat' dir='ltr'>Sed</span> <span class='ocrx_word' id='word_1_57' title='bbox 231 704 276 752; x_wconf 88' lang='lat' dir='ltr'>hoc</span> <span class='ocrx_word' id='word_1_58' title='bbox 289 705 368 769; x_wconf 88' lang='lat' dir='ltr'>ipsum</span> <span class='ocrx_word' id='word_1_59' title='bbox 383 704 534 768; x_wconf 69' lang='lat' dir='ltr'>intelligimus</span> <span class='ocrx_word' id='word_1_60' title='bbox 548 719 603 752; x_wconf 90' lang='lat' dir='ltr'>eum</span> <span class='ocrx_word' id='word_1_61' title='bbox 616 703 720 767; x_wconf 76' lang='lat' dir='ltr'>quotidie</span> <span class='ocrx_word' id='word_1_62' title='bbox 733 719 770 752; x_wconf 82' lang='lat' dir='ltr'>se·</span> 
     </span>
     <span class='ocr_line' id='line_1_10' title="bbox 97 766 771 893; baseline 0 -13"><span class='ocrx_word' id='word_1_63' title='bbox 97 766 428 893; x_wconf 57' lang='lat' dir='ltr'>mmmmm</span> <span class='ocrx_word' id='word_1_64' title='bbox 439 767 771 880; x_wconf 54' lang='lat' dir='ltr'>mmmm</span> 
     </span>
    </p>

    <p class='ocr_par' dir='ltr' id='par_1_4' title="bbox 99 865 574 946">
     <span class='ocr_line' id='line_1_11' title="bbox 567 865 574 891; baseline 0 0"><span class='ocrx_word' id='word_1_65' title='bbox 567 865 574 891; x_wconf 70' lang='grc'>1</span> 
     </span>
     <span class='ocr_line' id='line_1_12' title="bbox 99 895 449 946; baseline 0.003 -3"><span class='ocrx_word' id='word_1_66' title='bbox 99 895 171 944; x_wconf 84' lang='lat' dir='ltr'>lestiis</span> <span class='ocrx_word' id='word_1_67' title='bbox 182 897 268 946; x_wconf 79' lang='lat' dir='ltr'>diutius</span> <span class='ocrx_word' id='word_1_68' title='bbox 279 912 325 945; x_wconf 89' lang='lat' dir='ltr'>non</span> <span class='ocrx_word' id='word_1_69' title='bbox 335 897 449 945; x_wconf 86' lang='lat' dir='ltr'>futurum.</span> 
     </span>
    </p>

    <p class='ocr_par' dir='ltr' id='par_1_5' title="bbox 98 958 772 2036">
     <span class='ocr_line' id='line_1_13' title="bbox 131 958 769 1026; baseline 0.002 -18"><span class='ocrx_word' id='word_1_70' title='bbox 131 961 242 1022; x_wconf 72' lang='lat' dir='ltr'>Quando,</span> <span class='ocrx_word' id='word_1_71' title='bbox 256 962 313 1026; x_wconf 92' lang='lat' dir='ltr'>quid</span> <span class='ocrx_word' id='word_1_72' title='bbox 324 961 439 1021; x_wconf 80' lang='lat' dir='ltr'>sentirem,</span> <span class='ocrx_word' id='word_1_73' title='bbox 451 959 561 1024; x_wconf 73' lang='lat' dir='ltr'>exposui3</span> <span class='ocrx_word' id='word_1_74' title='bbox 611 959 618 973; x_wconf 84' lang='grc'><strong>’</strong></span> <span class='ocrx_word' id='word_1_75' title='bbox 646 959 717 1009; x_wconf 86' lang='lat' dir='ltr'>velim</span> <span class='ocrx_word' id='word_1_76' title='bbox 727 958 769 1010; x_wconf 69' lang='lat' dir='ltr'>md</span> 
     </span>
     <span class='ocr_line' id='line_1_14' title="bbox 100 1024 771 1089; baseline 0.001 -16"><span class='ocrx_word' id='word_1_77' title='bbox 100 1025 179 1084; x_wconf 72' lang='lat' dir='ltr'>musi,</span> <span class='ocrx_word' id='word_1_78' title='bbox 195 1041 220 1073; x_wconf 85' lang='lat' dir='ltr'>re</span> <span class='ocrx_word' id='word_1_79' title='bbox 238 1026 314 1089; x_wconf 84' lang='lat' dir='ltr'>potius</span> <span class='ocrx_word' id='word_1_80' title='bbox 331 1041 402 1088; x_wconf 88' lang='lat' dir='ltr'>qusm</span> <span class='ocrx_word' id='word_1_81' title='bbox 419 1025 520 1073; x_wconf 82' lang='lat' dir='ltr'>oratione</span> <span class='ocrx_word' id='word_1_82' title='bbox 541 1024 557 1071; x_wconf 96' lang='lat' dir='ltr'>d</span> <span class='ocrx_word' id='word_1_83' title='bbox 631 1026 677 1072; x_wconf 74' lang='lat' dir='ltr'>boz</span> <span class='ocrx_word' id='word_1_84' title='bbox 701 1033 734 1086; x_wconf 81' lang='lat' dir='ltr'>et,</span> <span class='ocrx_word' id='word_1_85' title='bbox 751 1025 771 1074; x_wconf 89' lang='lat' dir='ltr'>si</span> 
     </span>
     <span class='ocr_line' id='line_1_15' title="bbox 98 1087 771 1153; baseline 0.004 -18"><span class='ocrx_word' id='word_1_86' title='bbox 98 1095 191 1136; x_wconf 71' lang='lat' dir='ltr'>uantum</span> <span class='ocrx_word' id='word_1_87' title='bbox 208 1104 309 1152; x_wconf 83' lang='lat' dir='ltr'>possem,</span> <span class='ocrx_word' id='word_1_88' title='bbox 325 1088 440 1152; x_wconf 64' lang='lat' dir='ltr'>que&#39;ntum</span> <span class='ocrx_word' id='word_1_89' title='bbox 456 1089 482 1140; x_wconf 84' lang='lat' dir='ltr'>in</span> <span class='ocrx_word' id='word_1_90' title='bbox 498 1088 526 1136; x_wconf 69' lang='lat' dir='ltr'>ee</span> <span class='ocrx_word' id='word_1_91' title='bbox 537 1087 664 1152; x_wconf 80' lang='lat' dir='ltr'>republicis,</span> <span class='ocrx_word' id='word_1_92' title='bbox 679 1088 709 1136; x_wconf 90' lang='lat' dir='ltr'>de</span> <span class='ocrx_word' id='word_1_93' title='bbox 724 1087 771 1153; x_wconf 79' lang='lat' dir='ltr'>qui</span> 
     </span>
     <span class='ocr_line' id='line_1_16' title="bbox 99 1151 771 1216; baseline 0.003 -17"><span class='ocrx_word' id='word_1_94' title='bbox 99 1151 133 1199; x_wconf 76' lang='lat' dir='ltr'>ite</span> <span class='ocrx_word' id='word_1_95' title='bbox 149 1167 202 1199; x_wconf 90' lang='lat' dir='ltr'>sum</span> <span class='ocrx_word' id='word_1_96' title='bbox 216 1153 319 1210; x_wconf 84' lang='lat' dir='ltr'>meritus,</span> <span class='ocrx_word' id='word_1_97' title='bbox 334 1161 361 1198; x_wconf 87' lang='lat' dir='ltr'>ut</span> <span class='ocrx_word' id='word_1_98' title='bbox 378 1161 404 1200; x_wconf 88' lang='lat' dir='ltr'>tu</span> <span class='ocrx_word' id='word_1_99' title='bbox 423 1151 549 1212; x_wconf 79' lang='lat' dir='ltr'>existimus,</span> <span class='ocrx_word' id='word_1_100' title='bbox 562 1168 629 1216; x_wconf 83' lang='lat' dir='ltr'>posse</span> <span class='ocrx_word' id='word_1_101' title='bbox 641 1152 771 1212; x_wconf 67' lang='lat' dir='ltr'>debebam</span> 
     </span>
     <span class='ocr_line' id='line_1_17' title="bbox 99 1215 771 1290; baseline 0.004 -27"><span class='ocrx_word' id='word_1_102' title='bbox 99 1229 138 1290; x_wconf 44' lang='lat' dir='ltr'>ne·</span> <span class='ocrx_word' id='word_1_103' title='bbox 149 1223 174 1261; x_wconf 88' lang='lat' dir='ltr'>tu</span> <span class='ocrx_word' id='word_1_104' title='bbox 193 1215 288 1278; x_wconf 90' lang='lat' dir='ltr'>quidem</span> <span class='ocrx_word' id='word_1_105' title='bbox 306 1216 331 1263; x_wconf 90' lang='lat' dir='ltr'>in</span> <span class='ocrx_word' id='word_1_106' title='bbox 354 1215 403 1264; x_wconf 82' lang='lat' dir='ltr'>istis</span> <span class='ocrx_word' id='word_1_107' title='bbox 419 1216 570 1266; x_wconf 80' lang='lat' dir='ltr'>incommodis</span> <span class='ocrx_word' id='word_1_108' title='bbox 589 1232 655 1265; x_wconf 88' lang='lat' dir='ltr'>esses.</span> <span class='ocrx_word' id='word_1_109' title='bbox 680 1217 771 1266; x_wconf 76' lang='lat' dir='ltr'>Eadem</span> 
     </span>
     <span class='ocr_line' id='line_1_18' title="bbox 100 1279 771 1409; baseline 0.007 -19"><span class='ocrx_word' id='word_1_110' title='bbox 100 1279 771 1409; x_wconf 48' lang='lat' dir='ltr'>ffissidflnssssimeffifflffid</span> 
     </span>
     <span class='ocr_line' id='line_1_19' title="bbox 100 1406 771 1472; baseline 0.006 -17"><span class='ocrx_word' id='word_1_111' title='bbox 100 1407 154 1455; x_wconf 85' lang='lat' dir='ltr'>teris</span> <span class='ocrx_word' id='word_1_112' title='bbox 164 1421 222 1456; x_wconf 78' lang='lat' dir='ltr'>meae</span> <span class='ocrx_word' id='word_1_113' title='bbox 236 1406 362 1471; x_wconf 75' lang='lat' dir='ltr'>dignitatis,</span> <span class='ocrx_word' id='word_1_114' title='bbox 389 1408 489 1472; x_wconf 87' lang='lat' dir='ltr'>uidquid</span> <span class='ocrx_word' id='word_1_115' title='bbox 533 1409 603 1472; x_wconf 77' lang='lat' dir='ltr'>&#39;quise</span> <span class='ocrx_word' id='word_1_116' title='bbox 617 1410 698 1472; x_wconf 68' lang='lat' dir='ltr'>gretie</span> <span class='ocrx_word' id='word_1_117' title='bbox 708 1410 771 1459; x_wconf 79' lang='lat' dir='ltr'>vele-</span> 
     </span>
     <span class='ocr_line' id='line_1_20' title="bbox 100 1472 771 1536; baseline 0.006 -18"><span class='ocrx_word' id='word_1_118' title='bbox 100 1472 176 1529; x_wconf 76' lang='lat' dir='ltr'>bunt3</span> <span class='ocrx_word' id='word_1_119' title='bbox 192 1472 305 1533; x_wconf 82' lang='lat' dir='ltr'>studium,</span> <span class='ocrx_word' id='word_1_120' title='bbox 321 1488 362 1522; x_wconf 84' lang='lat' dir='ltr'>oon</span> <span class='ocrx_word' id='word_1_121' title='bbox 375 1473 381 1483; x_wconf 85' lang='lat'><em>&#39;</em></span> <span class='ocrx_word' id='word_1_122' title='bbox 392 1472 450 1534; x_wconf 75' lang='lat' dir='ltr'>um,</span> <span class='ocrx_word' id='word_1_123' title='bbox 460 1488 537 1536; x_wconf 76' lang='lat' dir='ltr'>opere,</span> <span class='ocrx_word' id='word_1_124' title='bbox 549 1474 631 1536; x_wconf 80' lang='lat' dir='ltr'>gratie,</span> <span class='ocrx_word' id='word_1_125' title='bbox 642 1473 699 1535; x_wconf 83' lang='lat' dir='ltr'>fides</span> <span class='ocrx_word' id='word_1_126' title='bbox 709 1488 771 1536; x_wconf 84' lang='lat' dir='ltr'>meu,</span> 
     </span>
     <span class='ocr_line' id='line_1_21' title="bbox 101 1536 772 1601; baseline 0.007 -17"><span class='ocrx_word' id='word_1_127' title='bbox 101 1536 168 1585; x_wconf 83' lang='lat' dir='ltr'>nullo</span> <span class='ocrx_word' id='word_1_128' title='bbox 183 1537 233 1585; x_wconf 84' lang='lat' dir='ltr'>loeo</span> <span class='ocrx_word' id='word_1_129' title='bbox 248 1537 319 1586; x_wconf 83' lang='lat' dir='ltr'>deerit</span> <span class='ocrx_word' id='word_1_130' title='bbox 329 1537 375 1586; x_wconf 81' lang='lat' dir='ltr'>tuis</span> <span class='ocrx_word' id='word_1_131' title='bbox 385 1537 478 1601; x_wconf 84' lang='lat' dir='ltr'>optimis</span> <span class='ocrx_word' id='word_1_132' title='bbox 491 1537 608 1586; x_wconf 79' lang='lat' dir='ltr'>frutribus.</span> <span class='ocrx_word' id='word_1_133' title='bbox 625 1538 666 1586; x_wconf 82' lang='lat' dir='ltr'>Tu</span> <span class='ocrx_word' id='word_1_134' title='bbox 677 1538 714 1588; x_wconf 76' lang='lat' dir='ltr'>sse</span> <span class='ocrx_word' id='word_1_135' title='bbox 729 1539 772 1589; x_wconf 71' lang='lat' dir='ltr'>hs·</span> 
     </span>
     <span class='ocr_line' id='line_1_22' title="bbox 100 1600 772 1665; baseline -0.003 -16"><span class='ocrx_word' id='word_1_136' title='bbox 100 1601 156 1649; x_wconf 82' lang='lat' dir='ltr'>bees</span> <span class='ocrx_word' id='word_1_137' title='bbox 172 1600 255 1650; x_wconf 80' lang='lat' dir='ltr'>fortem</span> <span class='ocrx_word' id='word_1_138' title='bbox 270 1602 383 1660; x_wconf 85' lang='lat' dir='ltr'>unimum,</span> <span class='ocrx_word' id='word_1_139' title='bbox 399 1617 469 1664; x_wconf 88' lang='lat' dir='ltr'>quem</span> <span class='ocrx_word' id='word_1_140' title='bbox 484 1616 574 1665; x_wconf 89' lang='lat' dir='ltr'>semper</span> <span class='ocrx_word' id='word_1_141' title='bbox 587 1601 707 1660; x_wconf 75' lang='lat' dir='ltr'>habuisti;</span> <span class='ocrx_word' id='word_1_142' title='bbox 740 1603 772 1657; x_wconf 67' lang='lat' dir='ltr'>ui.</span> 
     </span>
     <span class='ocr_line' id='line_1_23' title="bbox 101 1618 772 1731; baseline 0.004 -18"><span class='ocrx_word' id='word_1_143' title='bbox 101 1680 177 1727; x_wconf 79' lang='lat' dir='ltr'>mum,</span> <span class='ocrx_word' id='word_1_144' title='bbox 189 1669 219 1714; x_wconf 94' lang='lat' dir='ltr'>ob</span> <span class='ocrx_word' id='word_1_145' title='bbox 236 1681 273 1714; x_wconf 85' lang='lat' dir='ltr'>ess</span> <span class='ocrx_word' id='word_1_146' title='bbox 284 1681 371 1723; x_wconf 70' lang='lat' dir='ltr'>musas,</span> <span class='ocrx_word' id='word_1_147' title='bbox 382 1681 439 1731; x_wconf 84' lang='lat' dir='ltr'>quus</span> <span class='ocrx_word' id='word_1_148' title='bbox 452 1665 545 1729; x_wconf 80' lang='lat' dir='ltr'>seripsi3</span> <span class='ocrx_word' id='word_1_149' title='bbox 563 1665 654 1727; x_wconf 87' lang='lat' dir='ltr'>deinde,</span> <span class='ocrx_word' id='word_1_150' title='bbox 671 1618 772 1731; x_wconf 62' lang='lat' dir='ltr'>quoties</span> 
     </span>
     <span class='ocr_line' id='line_1_24' title="bbox 100 1728 770 1799; baseline 0.006 -23"><span class='ocrx_word' id='word_1_151' title='bbox 100 1728 130 1776; x_wconf 87' lang='lat' dir='ltr'>de</span> <span class='ocrx_word' id='word_1_152' title='bbox 140 1745 164 1777; x_wconf 88' lang='lat' dir='ltr'>re</span> <span class='ocrx_word' id='word_1_153' title='bbox 174 1729 268 1793; x_wconf 76' lang='lat' dir='ltr'>publici</span> <span class='ocrx_word' id='word_1_154' title='bbox 278 1744 368 1794; x_wconf 82' lang='lat' dir='ltr'>semper</span> <span class='ocrx_word' id='word_1_155' title='bbox 380 1729 473 1779; x_wconf 83' lang='lat' dir='ltr'>voluisti</span> <span class='ocrx_word' id='word_1_156' title='bbox 485 1740 554 1799; x_wconf 79' lang='lat' dir='ltr'>etque</span> <span class='ocrx_word' id='word_1_157' title='bbox 568 1730 667 1790; x_wconf 69' lang='lat' dir='ltr'>sensisti,</span> <span class='ocrx_word' id='word_1_158' title='bbox 682 1740 710 1779; x_wconf 86' lang='lat' dir='ltr'>ut</span> <span class='ocrx_word' id='word_1_159' title='bbox 724 1746 770 1780; x_wconf 88' lang='lat' dir='ltr'>non</span> 
     </span>
     <span class='ocr_line' id='line_1_25' title="bbox 100 1792 770 1856; baseline 0.007 -17"><span class='ocrx_word' id='word_1_160' title='bbox 100 1793 171 1840; x_wconf 89' lang='lat' dir='ltr'>modo</span> <span class='ocrx_word' id='word_1_161' title='bbox 185 1792 283 1840; x_wconf 86' lang='lat' dir='ltr'>seeunds</span> <span class='ocrx_word' id='word_1_162' title='bbox 298 1808 387 1856; x_wconf 74' lang='lat' dir='ltr'>sperare</span> <span class='ocrx_word' id='word_1_163' title='bbox 402 1793 494 1851; x_wconf 79' lang='lat' dir='ltr'>debeas,</span> <span class='ocrx_word' id='word_1_164' title='bbox 508 1794 547 1842; x_wconf 90' lang='lat' dir='ltr'>sed</span> <span class='ocrx_word' id='word_1_165' title='bbox 562 1794 640 1854; x_wconf 81' lang='lat' dir='ltr'>etiem,</span> <span class='ocrx_word' id='word_1_166' title='bbox 659 1794 679 1843; x_wconf 87' lang='lat' dir='ltr'>si</span> <span class='ocrx_word' id='word_1_167' title='bbox 691 1796 770 1844; x_wconf 80' lang='lat' dir='ltr'>omnis</span> 
     </span>
     <span class='ocr_line' id='line_1_26' title="bbox 101 1855 771 1916; baseline 0.007 -13"><span class='ocrx_word' id='word_1_168' title='bbox 101 1855 194 1904; x_wconf 72' lang='lat' dir='ltr'>adverse</span> <span class='ocrx_word' id='word_1_169' title='bbox 211 1864 293 1916; x_wconf 82' lang='lat' dir='ltr'>essent,</span> <span class='ocrx_word' id='word_1_170' title='bbox 313 1863 399 1915; x_wconf 79' lang='lat' dir='ltr'>temen,</span> <span class='ocrx_word' id='word_1_171' title='bbox 417 1857 555 1906; x_wconf 71' lang='lat' dir='ltr'>consciendi</span> <span class='ocrx_word' id='word_1_172' title='bbox 571 1867 594 1906; x_wconf 89' lang='lat' dir='ltr'>et</span> <span class='ocrx_word' id='word_1_173' title='bbox 612 1859 727 1908; x_wconf 79' lang='lat' dir='ltr'>factorum</span> <span class='ocrx_word' id='word_1_174' title='bbox 747 1868 771 1908; x_wconf 88' lang='lat' dir='ltr'>et</span> 
     </span>
     <span class='ocr_line' id='line_1_27' title="bbox 100 1920 772 1985; baseline 0.01 -18"><span class='ocrx_word' id='word_1_175' title='bbox 100 1920 246 1967; x_wconf 83' lang='lat' dir='ltr'>consiliorum</span> <span class='ocrx_word' id='word_1_176' title='bbox 263 1928 365 1981; x_wconf 84' lang='lat' dir='ltr'>tuorum,</span> <span class='ocrx_word' id='word_1_177' title='bbox 377 1937 530 1985; x_wconf 75' lang='lat' dir='ltr'>quecumque</span> <span class='ocrx_word' id='word_1_178' title='bbox 546 1922 682 1985; x_wconf 78' lang='lat' dir='ltr'>acciderent,</span> <span class='ocrx_word' id='word_1_179' title='bbox 695 1924 772 1974; x_wconf 80' lang='lat' dir='ltr'>fortis·</span> 
     </span>
     <span class='ocr_line' id='line_1_28' title="bbox 102 1983 654 2036; baseline 0.011 -5"><span class='ocrx_word' id='word_1_180' title='bbox 102 1983 161 2032; x_wconf 83' lang='lat' dir='ltr'>simo</span> <span class='ocrx_word' id='word_1_181' title='bbox 171 1993 194 2032; x_wconf 92' lang='lat' dir='ltr'>et</span> <span class='ocrx_word' id='word_1_182' title='bbox 203 1984 306 2033; x_wconf 80' lang='lat' dir='ltr'>maximo</span> <span class='ocrx_word' id='word_1_183' title='bbox 316 1985 393 2034; x_wconf 72' lang='lat' dir='ltr'>animo</span> <span class='ocrx_word' id='word_1_184' title='bbox 401 1985 459 2034; x_wconf 81' lang='lat' dir='ltr'>ferre</span> <span class='ocrx_word' id='word_1_185' title='bbox 469 1986 569 2035; x_wconf 82' lang='lat' dir='ltr'>deberes.</span> <span class='ocrx_word' id='word_1_186' title='bbox 586 1987 654 2036; x_wconf 75' lang='lat' dir='ltr'>vale.</span> 
     </span>
    </p>
   </div>
   <div class='ocr_carea' id='block_1_3' title="bbox 237 2152 632 2237">
    <p class='ocr_par' dir='ltr' id='par_1_6' title="bbox 237 2152 632 2237">
     <span class='ocr_line' id='line_1_29' title="bbox 237 2152 632 2237; baseline 0.01 -13"><span class='ocrx_word' id='word_1_187' title='bbox 237 2152 306 2237; x_wconf 68' lang='lat' dir='ltr'>(n.)</span> <span class='ocrx_word' id='word_1_188' title='bbox 331 2176 459 2227; x_wconf 76' lang='lat' dir='ltr'>cucuso</span> <span class='ocrx_word' id='word_1_189' title='bbox 474 2177 632 2228; x_wconf 73' lang='lat' dir='ltr'>musmo.</span> 
     </span>
    </p>
   </div>
   <div class='ocr_carea' id='block_1_4' title="bbox 101 2302 771 2500">
    <p class='ocr_par' dir='ltr' id='par_1_7' title="bbox 101 2302 771 2500">
     <span class='ocr_line' id='line_1_30' title="bbox 133 2302 771 2372; baseline 0.008 -22"><span class='ocrx_word' id='word_1_190' title='bbox 133 2302 328 2366; x_wconf 78' lang='lat' dir='ltr'>(Argumentum.</span> <span class='ocrx_word' id='word_1_191' title='bbox 342 2335 376 2348; x_wconf 88' lang='lat'>-</span> <span class='ocrx_word' id='word_1_192' title='bbox 390 2307 452 2367; x_wconf 87' lang='lat' dir='ltr'>Quse</span> <span class='ocrx_word' id='word_1_193' title='bbox 469 2322 523 2357; x_wconf 85' lang='lat' dir='ltr'>eum</span> <span class='ocrx_word' id='word_1_194' title='bbox 542 2309 633 2357; x_wconf 75' lang='lat' dir='ltr'>Cessare</span> <span class='ocrx_word' id='word_1_195' title='bbox 650 2307 722 2372; x_wconf 81' lang='lat' dir='ltr'>egerit</span> <span class='ocrx_word' id='word_1_196' title='bbox 741 2305 771 2355; x_wconf 88' lang='lat' dir='ltr'>de</span> 
     </span>
     <span class='ocr_line' id='line_1_31' title="bbox 101 2366 771 2500; baseline 0.007 -18"><span class='ocrx_word' id='word_1_197' title='bbox 101 2366 664 2500; x_wconf 50' lang='lat' dir='ltr'>mmmmm</span> <span class='ocrx_word' id='word_1_198' title='bbox 678 2372 771 2432; x_wconf 48' lang='grc' dir='ltr'>Μ’</span> 
     </span>
    </p>
   </div>
   <div class='ocr_carea' id='block_1_5' title="bbox 91 2560 775 2698">
    <p class='ocr_par' dir='ltr' id='par_1_8' title="bbox 91 2560 775 2698">
     <span class='ocr_line' id='line_1_32' title="bbox 134 2560 774 2624; baseline 0.005 -13"><span class='ocrx_word' id='word_1_199' title='bbox 134 2560 179 2612; x_wconf 87' lang='lat' dir='ltr'>Me</span> <span class='ocrx_word' id='word_1_200' title='bbox 195 2561 251 2611; x_wconf 78' lang='lat' dir='ltr'>seito</span> <span class='ocrx_word' id='word_1_201' title='bbox 267 2575 360 2612; x_wconf 90' lang='lat' dir='ltr'>omnem</span> <span class='ocrx_word' id='word_1_202' title='bbox 378 2561 489 2624; x_wconf 73' lang='lat' dir='ltr'>laborem,</span> <span class='ocrx_word' id='word_1_203' title='bbox 505 2578 630 2614; x_wconf 89' lang='lat' dir='ltr'>omnemo</span> <span class='ocrx_word' id='word_1_204' title='bbox 675 2619 678 2623; x_wconf 52' lang='grc'><strong>,</strong></span> <span class='ocrx_word' id='word_1_205' title='bbox 711 2579 774 2624; x_wconf 85' lang='lat' dir='ltr'>,cu-</span> 
     </span>
     <span class='ocr_line' id='line_1_33' title="bbox 91 2625 775 2698; baseline 0 -20"><span class='ocrx_word' id='word_1_206' title='bbox 91 2635 155 2693; x_wconf 70' lang='lat' dir='ltr'>nm,</span> <span class='ocrx_word' id='word_1_207' title='bbox 166 2627 274 2681; x_wconf 81' lang='lat' dir='ltr'>studium</span> <span class='ocrx_word' id='word_1_208' title='bbox 304 2625 617 2698; x_wconf 73' lang='lat' dir='ltr'>intuisseluteeonsumere.</span> <span class='ocrx_word' id='word_1_209' title='bbox 661 2642 775 2690; x_wconf 67' lang='lat' dir='ltr'>cumeum</span> 
     </span>
    </p>
   </div>
   <div class='ocr_carea' id='block_1_6' title="bbox 0 0 839 2948">
    <p class='ocr_par' dir='ltr' id='par_1_9' title="bbox 0 0 839 2948">
     <span class='ocr_line' id='line_1_34' title="bbox 0 0 839 2948; baseline 0 0"><span class='ocrx_word' id='word_1_210' title='bbox 0 0 839 2948; x_wconf 95' lang='lat' dir='ltr'> </span> 
     </span>
    </p>
   </div>
  </div>
 </body>
</html>
