1650 2948
104 156 135 202 ta
222 158 272 206 AD
288 157 466 207 DIVERSOS·
485 158 546 206 Ius.
563 155 598 206 ll.
617 160 654 207 lo.

102 292 161 332 essct
171 293 234 349 tanta
244 302 287 347 res,
297 295 366 334 tantae
374 286 546 348 gratulationis,
561 285 591 334 de
601 295 632 346 tc,
644 286 699 349 quia
705 289 768 349 quod

103 351 240 411 sperabam
256 351 285 398 de
300 351 375 409 Hillo,
387 351 483 404 (balbus
496 351 558 398 enim
572 359 636 410 sum)
646 351 709 413 quod
721 367 769 399 non

103 414 218 474 putaram.
234 415 310 477 Atqui
328 415 359 462 sic
376 415 467 473 habeto,
485 415 574 461 nullam
593 431 631 462 mc
650 414 769 476 epistolam

104 478 216 539 accepisse
233 487 297 525 tuam
313 487 365 541 post
376 478 467 525 comitia
479 478 522 526 ista
536 480 651 542 praeclara,
664 495 717 542 quae
730 495 769 526 me

104 541 184 588 laetitiis
194 543 338 589 extulerunt:
357 559 386 590 ex
398 558 445 605 quo
459 558 544 602 vereor,
562 558 591 589 ne
604 543 666 589 idem
681 544 772 591 eveniat

104 604 128 652 in
147 620 210 653 meas
226 606 310 655 literas.
328 606 445 670 Equidem
464 621 585 670 nunquam
600 606 698 654 domum
716 607 771 654 misi

105 684 178 718 unam
189 669 316 733 epistolam,
328 671 385 734 quin
399 678 457 718 esset
470 672 501 718 ad
514 679 537 717 tc
551 671 638 717 altera:
656 685 698 718 nec
711 671 771 718 mihi

106 741 141 784 est
154 741 178 781 te
192 735 317 795 jucundius
333 735 469 798 quidquam,
487 749 529 782 uec
547 734 629 782 carius.
645 733 692 782 Sed
707 734 773 783 balbi

106 812 154 847 non
165 813 245 847 sumus
254 817 261 846 ι
277 799 308 847 ad
318 815 367 847 rem
377 798 505 846 redeamus.

140 863 175 910 Ut
185 863 277 927 optisti,
288 864 321 911 ita
331 871 371 911 cst.
387 863 466 911 Vellcs
476 861 538 910 enim
549 862 611 919 (ais),
622 869 715 909 tantum
722 877 773 915 mog

108 927 139 976 do
150 935 176 975 ut
186 928 294 976 haberem
304 926 397 989 negotii,
422 927 467 973 uod
477 926 700 974 essetadlaureolam
712 926 775 974 ειιιίιι

108 991 208 1039 Parthos
224 992 299 1050 times,
313 990 368 1054 quia
381 942 465 1037 uiduis
475 990 545 1052 copiis
556 990 645 1037 nostris.
663 988 685 1036 ll
742 989 777 1038 ita

109 1054 197 1103 accidit
215 1056 288 1114 Nam,
300 1054 407 1101 Parthico
417 1054 478 1102 bello
488 1053 601 1111 nuntiato,
609 1054 713 1102 locorum
723 1052 777 1117 qui·

109 1117 208 1167 busdam
218 1117 329 1181 angustiis
337 1125 360 1165 et
366 1117 449 1164 naturi
456 1117 571 1165 montium
577 1118 656 1168 fretus.
665 1116 777 1166 adAma

110 1197 168 1230 num
179 1183 304 1229 exercitum
314 1181 409 1241 adduxi,
417 1181 470 1228 satis
478 1183 549 1243 probe
558 1189 664 1228 ornatum
675 1181 779 1241 auxiliis,

111 1254 134 1294 et
143 1245 245 1309 quidam
255 1244 469 1307 auctoritataapud
480 1260 518 1292 cos
528 1245 569 1318 qui
579 1260 617 1292 me
626 1259 674 1292 non
683 1247 780 1305 norant,

111 1309 297 1358 nominisnostri.
311 1309 675 1357 Multumcstenimrnhislocis:
694 1308 780 1356 “Hic-

112 1375 162 1422 cine
173 1374 260 1433 estille,
267 1373 308 1436 qui
318 1373 449 1422 urbem...?
466 1389 536 1436 quem
543 1381 634 1421 senatus
640 1372 704 1422 ...?'’
716 1373 780 1421 Nos-

113 1439 132 1486 ti
150 1447 236 1487 coetera.
262 1439 323 1486 Cum
339 1437 450 1485 venissem
465 1438 495 1485 ad
508 1438 638 1496 Amanum,
656 1436 697 1500 qui
711 1450 781 1486 mons

113 1503 172 1551 mihi
187 1518 240 1550 cum
257 1502 345 1550 Bibulo
361 1502 490 1549 communia
505 1510 546 1560 cst,
565 1500 651 1549 divisus
663 1515 778 1563 aquarum

114 1567 224 1626 divortiis,
234 1567 325 1615 Cassius
335 1575 418 1623 noster,
426 1567 489 1628 quod
496 1566 554 1613 mihi
564 1579 655 1627 maguae
665 1563 779 1627 voluptati

114 1633 169 1692 fuit,
179 1631 273 1680 feliciter
286 1633 316 1678 ab
326 1630 456 1678 Antiochea
471 1630 560 1678 hostem
575 1630 688 1690 rejecerat
704 1628 781 1686 Bibu·
810 1643 812 1648 ’

114 1698 152 1746 lus
162 1696 302 1759 provinciam
317 1703 440 1757 acceperat.
459 1695 557 1752 Interea,
571 1707 625 1740 cum
640 1693 697 1740 meis
708 1691 782 1755 copiis

113 1760 230 1817 omnibus,
247 1757 328 1808 vexavi
345 1758 506 1814 Aminiam,
528 1758 603 1804 hostes
622 1755 779 1818 sempiternos·

115 1823 189 1872 Multi
199 1822 274 1880 occisi,
281 1821 355 1884 capti:
373 1820 455 1884 reliqui
466 1820 582 1883 dissipati:
601 1821 693 1875 castella
702 1819 781 1869 muni.

115 1899 140 1938 ta
149 1887 273 1950 improviso
283 1885 382 1932 adventu
393 1893 459 1947 capta
469 1894 492 1932 et
502 1885 601 1932 incensa.

149 1952 188 1999 Ita
198 1949 291 1999 victorii
297 1949 361 2010 justi
368 1949 490 2012 imperator
496 1948 624 2011 appellatus
633 1948 695 2011 apud
703 1947 782 1995 Issum

118 2021 175 2081 (quo
188 2017 214 2062 iu
227 2015 286 2073 loco,
302 2028 369 2076 saepe,
384 2021 412 2060 ut
426 2028 455 2060 ex
466 2021 489 2060 tc
500 2012 586 2072 audivi,
601 2012 730 2060 Clitarchus
740 2011 784 2059 tibi

117 2079 225 2139 narratu,
236 2077 337 2125 Darium
346 2079 376 2136 ab
386 2077 521 2124 Alexandro
531 2091 578 2124 esse
589 2084 732 2138 superatum)
744 2075 785 2122 ad-

118 2144 176 2193 duxi
197 2141 321 2190 exercitum
341 2141 372 2189 ad
388 2141 558 2188 infestissimam
579 2139 666 2188 cilicia
687 2147 784 2202 partem.

117 2208 165 2267 lbi,
172 2205 281 2271 quintum
288 2205 423 2253 vicesimum
429 2206 479 2265 iam
487 2204 558 2264 diem,
565 2204 694 2267 aggeribus,
702 2203 784 2262 vincis,

118 2272 228 2330 cambus,
240 2271 403 2332 oppugnabam
409 2268 520 2332 oppidum
528 2267 719 2327 munitissimum,
727 2266 786 2314 Pin·

119 2335 244 2392 denissum,
257 2332 330 2387 tantis
343 2332 433 2396 opibus,
452 2340 562 2395 tantoque
573 2332 673 2396 negotio,
688 2339 715 2379 ut
727 2330 788 2378 mihi

120 2401 150 2450 ad
160 2393 279 2448 summam
286 2397 384 2460 gloriam
393 2395 452 2443 nihil
461 2395 528 2455 desit,
539 2396 585 2444 nisi
594 2411 679 2444 nomen
689 2394 786 2459 oppidi;

121 2464 183 2540 quod
194 2462 222 2520 si,
236 2469 264 2509 ut
278 2476 351 2524 spero
363 2475 456 2523 cepero;
474 2467 525 2506 tum
536 2476 590 2508 vero
601 2460 678 2508 literas
695 2459 788 2524 publice

120 2537 250 2640 mifflad
257 2597 281 2638 te
290 2589 315 2638 iu
324 2588 433 2654 prasenti
441 2588 527 2652 scripsi,
535 2596 562 2635 ul
572 2605 656 2652 speres,
665 2597 688 2636 tc
697 2587 788 2651 assequi

94 2652 206 2713 idquae}
223 2655 337 2718 misses·
369 2654 425 2718 Sed,
439 2663 467 2705 ut
476 2653 570 2706 redeam
584 2652 791 2713 adlamhec
