1650 2948
72 158 122 205 bit)
194 156 249 205 An
264 154 443 205 DIVERSOS.
460 151 582 203 11me
601 150 642 203 lt

101 283 428 348 Jemnonagotibigruties.
446 278 738 332 Coienimrevixrefetre

69 364 173 412 possum,
186 349 241 396 huic
257 349 331 396 verbis
345 363 392 396 non
408 348 497 412 petitur
513 363 550 396 res
562 343 674 396 ntisfleri.
693 343 737 392 At-

69 413 161 460 tendere
175 422 198 460 te
209 413 269 469 volo,
287 428 340 487 quie
356 413 381 459 in
400 413 509 460 monibus
526 420 590 459 sunt.
612 407 667 470 Qui
680 408 736 457 enim

70 477 192 540 prudentii
203 491 234 536 es,
250 477 309 523 nihil
319 485 342 524 te
352 476 434 540 fugiet,
449 476 469 524 si
482 491 548 524 meos
557 475 636 523 literas
645 473 736 536 diligat·

70 550 105 588 ter
118 540 207 603 legeris.
229 541 301 604 Sequi
314 541 433 588 confestim
447 540 581 589 Antonium
596 539 634 587 bis
648 537 678 586 de
686 551 735 585 oen·

71 605 110 663 sis,
122 605 210 659 Cicero,
221 619 268 652 non
278 604 351 668 potui.
367 605 441 652 Eram
451 605 501 652 sine
511 604 638 668 equitibus,
646 601 741 661 metu·-

70 669 170 716 mentis:
195 669 301 716 Hirtium
319 668 414 732 periisse
430 669 574 717 nesciebam:
593 665 678 716 cmii
691 677 735 712 nm

70 732 191 780 credebam
208 732 282 796 prius,
301 747 373 797 quem
389 732 555 794 convenissem,
574 739 600 780 et
616 730 735 780 oolloontnt

72 811 153 844 essem·
168 797 216 845 llio
226 796 274 845 dies
284 797 329 844 hoc
338 797 408 846 modo
418 797 482 845 abiit.

104 861 199 909 Postero
215 861 253 908 die
264 876 333 908 mene
347 877 362 908 a
376 861 453 908 Penei
469 870 523 909 sum
534 859 654 909 amessitus
664 858 736 907 Bono·

70 924 142 972 niem.
164 925 226 973 Cum
240 925 265 972 in
280 925 361 973 itinere
376 940 458 982 essem,
474 924 610 973 nuntiomm
626 923 685 970 milri
697 930 735 979 a,

73 1004 127 1037 eum
138 998 256 1036 mortuum
271 1004 326 1037 esse.
346 989 444 1037 &curri
457 988 487 1036 ed
501 1004 565 1037 mess
578 988 693 1052 oopiolm
708 985 737 1034 sit

73 1052 136 1100 enim
146 1067 198 1101 vere
208 1067 246 1100 ess
259 1053 375 1116 appellare
385 1068 488 1117 possum.
508 1055 571 1102 Sunt
584 1048 740 1101 extenuati&

73 1115 366 1178 mu‚etinopiiomnium
379 1132 456 1164 rerum
471 1117 685 1181 pessimeuooeptoe.
700 1113 740 1163 Bi·

73 1179 120 1227 duo
136 1194 176 1226 me
187 1180 306 1228 Antonius
325 1182 458 1239 antecessit3
476 1181 559 1230 itinere
587 1181 654 1245 feeit]
670 1178 741 1227 multo

73 1244 162 1303 majora
178 1243 278 1306 fugiens,
298 1261 370 1309 quem
386 1261 429 1308 ego
447 1260 551 1310 sequens.
636 1243 700 1292 enim
715 1242 740 1289 iii

74 1307 168 1371 possim,
187 1323 230 1370 ego
248 1308 379 1357 ordinatim.
404 1310 560 1373 Quicumque
578 1309 614 1368 iit,
632 1307 740 1372 ugosmb

74 1371 150 1430 solvit,
168 1372 273 1420 homiues
286 1373 389 1436 arripuit
413 1374 521 1422 Constitit
538 1388 655 1438 nusquam
672 1371 739 1447 prius,

75 1451 147 1499 quem
165 1436 194 1483 etl
208 1437 277 1484 Vnda
293 1440 362 1485 venit
386 1437 464 1497 Quem
481 1438 559 1486 locum
578 1438 630 1485 volo
644 1437 687 1484 tibr
698 1449 740 1484 me

75 1509 165 1550 notum.
188 1501 256 1549 Jaoet
271 1502 332 1549 inter
342 1501 495 1564 Apenninum
511 1510 534 1550 et
547 1501 632 1566 Alpes,
648 1498 740 1566 impeli-

76 1565 180 1614 tissimus
190 1565 220 1613 ed
231 1566 274 1613 iter
284 1565 422 1614 faciendum.

109 1631 171 1677 Cum
182 1633 285 1678 abessem
295 1632 325 1678 ab
336 1646 362 1678 eo
372 1630 446 1677 millia
456 1646 567 1694 passuum
578 1631 685 1694 ῑιὴςὶηυι,Ἰ
692 1637 714 1677 et
721 1642 741 1675 se

74 1695 125 1753 jam
137 1695 259 1743 Ventidius
273 1693 444 1754 conjunxisset3
462 1695 540 1742 oonsio
554 1696 606 1756 ejus
620 1696 652 1742 ud
665 1709 703 1742 me
712 1699 741 1740 est

76 1758 160 1815 elleta3
177 1757 202 1803 in
217 1757 265 1820 qui
279 1766 355 1821 petere
369 1759 437 1823 ooepit
452 1774 467 1805 u
477 1759 599 1817 militibus,
614 1767 642 1806 ut
652 1774 677 1807 se
686 1767 742 1806 tram

76 1821 151 1882 Alpes
162 1830 324 1883 sequerentur:
342 1822 386 1870 sibi
402 1837 457 1870 cum
470 1823 507 1870 M.
520 1823 610 1886 Lepido
621 1822 741 1871 eonvenite·

76 1885 248 1931 Succlametum
256 1892 297 1943 est,
308 1894 332 1932 et
339 1885 477 1950 frequenter,
485 1903 499 1934 s
507 1887 621 1935 militibus
628 1885 742 1935 Ventidi»

76 1947 121 2004 nis,
134 1951 199 1999 (nam
214 1963 267 1996 suos
277 1949 344 1997 valde
358 1966 430 2013 quem
446 1966 532 2014 pauoos
550 1951 631 2011 hebet)
649 1951 694 1999 sibi
707 1956 742 1997 eut

77 2010 102 2057 in
113 2011 182 2058 ltalii
195 2012 339 2074 pereundum
356 2029 411 2074 esse,
425 2024 467 2062 eut
477 2015 632 2062 vincendumt
650 2024 674 2064 et
685 2027 742 2062 orere

76 2083 203 2138 coeperunt,
221 2085 248 2124 ut
262 2077 402 2126 Pollentiam
416 2079 459 2127 iter
470 2078 578 2126 lacerent
602 2079 666 2127 Cum
682 2076 744 2127 susti·

78 2153 187 2250 neremheps
204 2155 251 2187 non
268 2150 351 2206 posset,
365 2143 390 2190 in
409 2150 527 2207 posterum
544 2143 607 2191 diem
621 2144 666 2192 iter
681 2155 744 2192 suum

80 2217 122 2250 oon
178 2237 184 2248 .

111 2267 164 2314 Hes
180 2283 204 2314 re
222 2268 279 2314 mihi
298 2269 413 2330 nuntiati,
429 2270 506 2318 stetim
526 2272 632 2335 quinque
649 2272 744 2319 oohortoe
765 2257 767 2262 ¹

78 2332 216 2379 Pollentiam
227 2333 334 2394 praemisi,
344 2349 469 2398 meumque
479 2336 522 2382 iter
533 2351 560 2383 eo
570 2336 667 2383 contuli.
686 2331 745 2383 Hori

78 2404 140 2454 ante,
148 2395 280 2459 praesidium
291 2412 369 2444 meum
376 2397 513 2446 Pollentiam
525 2400 596 2458 venit,
608 2415 681 2463 quem
691 2399 745 2447 Tre·

78 2460 160 2507 bellius
171 2475 224 2508 cum
235 2460 358 2523 equitibus.
376 2464 437 2511 Sene
451 2478 523 2527 quem
534 2478 587 2511 sum
598 2464 707 2527 gavisum
723 2461 745 2509 in

77 2523 121 2570 hoc
137 2524 198 2570 enim
209 2524 326 2573 victoriam
340 2535 397 2588 puto
410 2527 537 2575 oonsistere
558 2526 589 2575 ln
605 2543 672 2591 spem
682 2541 745 2576 vene·

73 2597 137 2649 rent,
149 2588 214 2655 quod
222 2603 298 2654 neque
311 2589 393 2638 Planci
407 2599 507 2652 quatuor
520 2592 624 2654 legiones
639 2592 744 2640 omnibu

68 2654 123 2705 suis
134 2656 211 2723 copiis
224 2671 295 2722 peres
308 2654 574 2715 spississimumque
582 2655 744 2705 almitiem
