1650 2948
177 144 227 191 AD
244 145 421 194 DlVERSOS.
441 146 502 192 Lm.
520 146 566 192 IX.
587 148 623 191 lfr.
689 145 734 190 aol

70 271 111 316 tibi
120 272 179 330 jam,
192 275 260 320 tantis
271 278 338 321 rebus
356 275 433 336 gestis,
451 290 496 320 non
516 275 550 320 tui
565 274 663 319 similem
683 289 737 319 esso.

70 335 140 392 Quod
152 353 205 383 cum
217 339 248 384 ita
260 340 295 396 sit,
308 340 406 385 hortatio
417 355 462 385 non
473 349 507 385 est
518 339 648 392 necessaria,
661 348 738 398 gratu-

69 399 154 446 latione
165 403 238 464 magis
249 403 361 449 utendum
373 412 413 450 est.
431 404 533 465 Contigit
544 402 605 449 enim
617 401 667 458 tibi,
675 401 739 463 quod

68 462 133 510 haud
143 465 188 512 saio
196 480 226 513 au
237 467 333 526 nernini,
340 475 367 513 ut
374 482 466 513 summa
476 467 582 514 severitas
593 465 738 512 animadver-

67 526 146 587 sionis,
155 543 202 577 non
213 530 283 578 modo
293 545 340 578 non
350 530 470 589 invidiosa,
488 530 528 578 md
538 531 608 577 etiam
619 527 738 592 popularia

67 600 136 665 met,
152 603 241 668 etcum
258 595 324 642 bonis
342 595 459 654 omnibus,
478 603 530 641 tum
549 593 629 640 infimo
646 593 738 657 cuique,

185 673 207 704 a.

67 664 184 769 &affl
194 722 237 771 tibi
247 722 340 769 fortuna
350 720 452 784 qutdam
462 721 601 783 contigisset,
613 720 741 783 grawlarer

68 781 173 831 felicitati
180 794 242 834 tute:
260 787 299 834 sed
310 788 405 848 oontigit
412 786 581 848 magnitudine,
592 800 646 833 cum
658 784 739 842 animi,

69 855 122 894 tram
137 849 208 897 etiarn
218 851 305 913 ingenii
321 858 391 914 atque
408 850 503 899 oonsilii.
528 849 588 912 lagi
606 849 667 895 enim
686 863 741 895 oon-

68 911 159 959 cionem
176 922 256 961 tuam:
273 915 332 961 nihil
343 915 385 961 illa
396 914 527 978 sapientius.
552 913 590 959 lta
600 912 740 976 pedetentim

70 984 94 1023 et
104 976 219 1038 gradatim
236 986 287 1025 tum
303 993 404 1026 abcessus
414 994 429 1026 a
439 988 462 1026 te
472 978 502 1026 ad
512 992 605 1024 causam
614 976 677 1036 facti,
689 984 741 1023 tum

68 1054 179 1101 reomaus,
187 1051 215 1090 ut
225 1058 260 1090 res
271 1043 321 1106 ipsa
330 1043 487 1090 maturitatem
498 1041 540 1090 tibi
545 1039 740 1089 animadvertendi

68 1104 176 1152 omnium
187 1121 293 1154 concessu
305 1107 376 1155 daret.

66 1207 69 1212 .
102 1168 218 1218 Liberam
232 1171 304 1233 igitur
322 1180 345 1218 et
358 1173 439 1220 urbem
456 1170 573 1234 periculo,¹
584 1177 607 1218 et
625 1169 741 1218 civitatem

69 1241 148 1280 metu:
168 1248 243 1298 neque
253 1236 329 1282 solum
340 1236 370 1282 ad
380 1244 472 1298 tempus
480 1235 606 1282 maximam
617 1234 741 1282 utilitatem

69 1297 177 1357 attulisti,
195 1299 235 1346 aad
252 1299 321 1346 etiam
332 1299 362 1346 ad
373 1300 506 1362 exemplum
522 1299 584 1346 facti.
608 1297 741 1361 Intelligere

68 1360 148 1422 debes,
160 1362 185 1410 in
197 1371 221 1410 ta
237 1363 335 1426 positam
347 1379 394 1410 esse
404 1363 578 1425 rempublicam,
594 1362 683 1426 tibique
693 1376 741 1409 non

68 1426 140 1474 modo
151 1427 256 1486 utendos,
272 1427 311 1475 aed
327 1428 397 1474 etiam
407 1426 528 1485 omandoa,
542 1441 589 1474 ease
604 1426 656 1473 illos
672 1425 741 1485 viros,

68 1505 84 1538 a
95 1491 181 1553 quibus
191 1491 284 1539 initium
291 1491 402 1539 libertatis
413 1490 541 1560 profectum
552 1498 593 1537 est.
610 1489 656 1537 Sed
665 1489 702 1535 his
711 1488 742 1536 de

68 1557 138 1602 rebus
149 1570 226 1603 coram
234 1556 302 1619 plura
312 1555 454 1618 propediem,
461 1563 488 1601 ut
499 1567 572 1616 spero.
591 1552 640 1611 Tu,
649 1551 743 1615 quando

68 1620 238 1682 rempublicam
249 1634 337 1682 nosque
347 1634 474 1676 conservas,
486 1618 522 1664 fao
533 1625 559 1662 ut
570 1614 743 1679 diligentissima

69 1691 94 1732 te
104 1684 191 1748 ipsum,
204 1683 238 1730 mi
248 1683 380 1744 Dolabella,
392 1682 512 1731 custodias.
529 1681 598 1729 vus.

217 1880 230 1946 t
241 1880 291 1942 15.)
309 1878 436 1928 arcano
453 1876 556 1926 anuo
573 1877 597 1928 s,
662 1846 666 1852 ’

114 2009 312 2072 (Argumentum.
327 2036 360 2046 —
373 2009 472 2056 Duabus
489 2005 590 2070 epistolis
612 2002 742 2067 respondet,

100 2074 151 2133 bri,
159 2078 188 2123 de
201 2076 340 2131 valetudine,
353 2082 376 2121 et
385 2073 448 2120 illius
458 2073 483 2118 in
494 2087 518 2118 se
528 2083 613 2128 amore,
625 2083 652 2116 ac
660 2069 745 2128 jucun·

69 2090 158 2187 iiim
184 2141 257 2197 alteri,
277 2140 336 2186 nihil
353 2138 444 2197 referre,
467 2145 546 2183 utrum
565 2133 648 2181 Murra
663 2133 693 2180 sit
713 2143 744 2205 an

72 2203 183 2267 Neapoli,
198 2220 252 2252 cum
270 2205 354 2251 Romae
370 2203 439 2249 unius
456 2210 515 2247 nutu
533 2206 640 2261 regantur
658 2210 745 2244 ornnra.

71 2268 162 2331 Scripta
174 2269 241 2334 paulo
253 2276 306 2315 ante
317 2282 388 2330 quam
399 2267 476 2314 Caesar
490 2264 520 2312 ad
532 2262 684 2328 Hispaniense
694 2259 743 2308 bel·
775 2291 778 2306 .

70 2331 123 2380 lum
134 2332 225 2393 exiret.)

104 2460 206 2509 Duabus
217 2461 262 2511 tuis
274 2459 375 2530 epistolis
385 2457 542 2523 respondebat
559 2454 609 2513 uni,
621 2467 693 2517 quam
704 2449 746 2496 tri·

72 2524 120 2574 duo
131 2535 185 2575 ante
193 2541 323 2589 acceperam
335 2541 349 2571 a
360 2523 449 2578 Zetho;
467 2521 541 2579 alteri,
560 2534 631 2592 quain
639 2515 747 2589 attulerat

73 2589 180 2637 Phileros
192 2589 330 2637 tabellarius.
349 2589 394 2647 ,Ex
413 2586 527 2650 prioribus
538 2592 584 2629 turs
595 2582 666 2627 lrterra
678 2577 746 2653 urtel-

71 2653 127 2710 texi,
141 2662 272 2718 pergratam
282 2652 323 2700 tibi
341 2650 400 2715 [ctae
409 2665 500 2718 'curum
517 2661 595 2696 meum
608 2642 754 2691 udetndtuts
