1650 2948
190 149 241 201 AD
257 151 435 202 Divnusos.
455 153 515 201 lau.
527 154 588 202 Vll.
606 155 645 202 24,
705 157 753 203 205

114 278 233 326 Exhedria
250 282 356 343 quaedam
374 283 432 329 mihi
449 298 508 330 nova
529 294 583 330 sunt
600 284 707 331 instituta
728 285 753 330 in

80 344 193 406 porticuli
214 346 357 393 Tusculani:
382 363 408 394 ea
426 349 531 395 volebam
549 348 638 395 tabellis
657 364 752 395 ornare:

79 408 174 466 etenim,
187 409 273 472 siquid
288 412 377 472 generis
391 411 519 460 istiusmodi
534 427 572 460 me
587 413 693 472 delectat,
707 412 756 476 pio-
782 444 785 449 -

79 479 133 520 tura
143 472 247 524 delam
264 475 310 523 Sed
321 485 408 535 tamen,
420 476 439 523 si
449 476 493 524 ista
502 477 562 524 mihi
573 486 628 524 sunt
639 476 754 534 habenda,

79 537 198 585 certiorem
207 537 276 586 velim
287 553 326 586 me
336 539 413 599 facias,
421 540 461 588 ubi
472 541 527 600 sint,
534 541 627 605 quando
640 555 755 591 arcessan-

78 608 126 661 tur,
145 617 193 665 qno
211 617 293 665 genere
306 612 410 651 vectura
436 605 462 653 Si
476 605 539 653 enim
554 605 714 681 Damasippus
729 605 755 652 in

79 665 193 714 mutendi
202 681 249 714 non
260 667 370 724 manebit,
386 669 488 732 aliquem
503 669 756 735 pseudodamasrppum

80 730 118 778 vel
128 745 182 778 cum
194 731 285 792 jactura
295 732 441 794 reperiemus.

81 812 83 817 ·
104 794 186 854 ‘Quod
196 794 226 842 ad
236 810 275 842 me
287 795 317 843 de
327 796 396 844 domo
411 795 489 844 scribis
504 797 597 857 iterum,
607 799 658 859 jam
673 799 698 846 id
712 813 755 862 ego
786 825 788 828 ·

97 859 225 909 reiiciseens
239 860 375 908 manniam
390 876 448 909 mea
462 861 566 909 'iulum
586 860 613 909 ed
628 863 690 910 enim
704 863 756 926 ipsi

111 924 138 971 ri
148 938 281 988 acceperam
292 933 343 972 tuas
352 925 437 973 literas.
453 925 475 972 Ε
566 926 636 974 etiam
647 941 703 974 eum
713 935 755 974 tuo

80 988 159 1046 Nicia,
176 988 275 1064 quodie
291 989 365 1036 utitur
379 993 416 1043 (ut
433 990 477 1038 seis
508 990 651 1039 familiariter
667 991 753 1039 Ceam.

80 1052 116 1100 Ut
132 1052 190 1100 redii
203 1060 291 1111 autem,
306 1054 371 1116 prius
382 1069 454 1117 quam
464 1062 517 1103 tuas
528 1055 574 1118 legi
584 1055 626 1102 has
636 1056 755 1119 proximas

79 1117 165 1174 literas,
184 1117 280 1182 quesivi
298 1117 327 1165 de
341 1117 393 1166 med
409 1119 499 1179 Tullia,
517 1119 575 1196 quid
591 1119 689 1184 egissent
711 1135 754 1184 per

79 1181 197 1230 laciniam
208 1197 232 1230 se
242 1182 314 1245 egisse
327 1181 430 1230 <liceum
448 1184 488 1232 sed
498 1198 587 1248 opinor,
599 1184 707 1233 Cassium
717 1184 753 1232 ud

79 1260 126 1295 non
137 1245 171 1294 ite
177 1246 280 1294 multum
292 1261 382 1295 sorore:
401 1263 451 1295 eam
458 1264 525 1312 porro
536 1263 620 1312 negare
628 1264 653 1296 se
658 1249 751 1308 audere,

79 1325 133 1358 curn
145 1310 181 1358 vir
197 1311 293 1368 abesset,
309 1315 353 1364 (est
367 1310 429 1358 enim
442 1313 557 1375 profectus
570 1314 595 1360 in
610 1314 752 1378 Hispaniam

78 1374 182 1433 Dexius)
192 1373 234 1423 illo
244 1383 267 1422 et
277 1376 369 1423 absente
380 1384 402 1424 et
412 1376 529 1436 insciente,
542 1377 649 1440 migrare.

110 1439 156 1488 Est
165 1437 226 1486 mihi
236 1439 400 1502 gratissimum,
412 1441 471 1488 tanti
485 1457 499 1488 a
513 1450 536 1488 te
551 1442 687 1489 aestimatam
698 1455 752 1488 eon·

77 1503 227 1553 suetudinem
238 1504 291 1551 vine
301 1504 418 1568 victusque
432 1505 518 1561 nostrie
535 1505 647 1567 primum,
659 1515 686 1552 ut
699 1520 752 1553 eam

79 1568 177 1616 domum
188 1583 297 1625 sumeres,
313 1577 340 1617 ut
350 1583 396 1617 non
407 1568 477 1617 modo
487 1584 559 1633 prope
568 1583 616 1627 me,
627 1568 667 1616 sed
682 1569 752 1632 plane

77 1634 181 1692 mecum,
199 1632 303 1680 habitare
316 1647 407 1695 posses:
425 1633 515 1692 deinde,
530 1641 558 1681 ut
573 1632 672 1695 migrare
687 1640 752 1681 tanto

78 1713 146 1762 opere
163 1697 288 1745 festinares
309 1697 355 1745 Sed
369 1712 398 1744 ne
408 1697 494 1756 vivam,
508 1697 527 1745 si
542 1697 584 1745 tibi
600 1696 707 1757 eoncedo,
724 1705 752 1744 ut

78 1763 129 1824 ejus
139 1762 173 1808 rei
184 1770 210 1808 tu
221 1760 325 1824 cupidior
334 1761 373 1817 sis,
389 1777 460 1826 quam
473 1778 515 1825 epo
526 1777 586 1810 sum.
607 1762 690 1836 Itaque
700 1776 751 1809 om-

78 1827 119 1875 nia
133 1825 244 1890 experiar
266 1824 339 1873 Video
357 1827 427 1883 enim,
442 1827 499 1891 quid
516 1827 570 1875 mei
585 1825 682 1886 intersit,
694 1825 752 1890 quid

79 1890 200 1954 utriusque
214 1893 324 1937 nostrum.
348 1890 373 1938 Si
388 1891 445 1953 quid
461 1906 536 1953 egero,
549 1891 632 1939 faciam
645 1900 672 1938 ut
686 1891 750 1938 seiae.

78 1955 119 2003 Tu
130 1955 194 2003 etad
205 1954 283 2001 omnia
293 1955 416 2012 rescribes3
431 1963 462 2012 et,
474 1956 567 2018 quando
578 1963 600 2003 te
611 1965 748 2020 exspectem,

73 2013 148 2069 'ecia
158 2034 205 2080 me,
222 2017 242 2066 si
252 2017 295 2066 tibi
305 2019 403 2080 videtur,
414 2020 540 2067 eertiorem.
568 2019 635 2068 Vale.

102 2219 170 2281 (24.)
190 2218 317 2269 CICERO
334 2219 402 2269 s.1).
420 2218 458 2267 Μ.
472 2217 581 2268 FABIO
598 2218 725 2268 naam,

71 2335 80 2409 J
111 2335 464 2414 (Argumentum-Exponit,
476 2366 546 2415 quam
557 2350 643 2413 injuste
650 2349 694 2397 sibi
705 2348 748 2396 Ti·

134 2430 163 2462 us
173 2415 290 2462 uaseatnr.
307 2415 396 2464 Casare
409 2423 518 2479 quartum
532 2416 624 2464 oonsuie
640 2413 689 2462 sine
702 2412 749 2460 ool·

127 2415 132 2425 ι

117 2479 127 2496 Λ
