1650 2948
75 151 121 200 rar
195 154 246 202 nn
264 135 446 204 nrvnns'os.
466 155 523 202 nm.
536 149 568 202 v.
589 155 626 201 rs.

114 282 139 330 si
154 284 223 343 vales,
242 286 300 332 bene
317 292 366 332 est:
385 285 458 342 valeo,
476 283 535 332 sicut
556 283 632 339 sole03
649 284 746 346 paululo

76 354 154 394 tamen
166 349 235 395 etiam
245 349 352 406 deterius,
364 365 435 412 quam
453 349 520 395 soleo.
538 347 575 394 Te
585 347 694 411 requisivi
704 365 745 395 sae·

73 412 126 473 pius
141 413 282 460 utvidercm.
301 414 384 460 Rornae
390 413 445 476 quia
452 422 530 475 postea
537 427 584 458 non
592 413 665 467 fuisti,
673 428 744 475 quam

73 475 212 536 discesseras,
228 478 325 524 miratus
343 493 410 533 su1n;
432 477 494 540 quod
510 477 567 524 item
584 493 647 524 nunc
665 476 742 523 miror.

73 540 128 586 Non
140 541 213 587 habeo
224 550 319 599 certum,
332 558 384 604 quae
393 551 456 588 teres
463 542 517 588 hinc
524 542 626 588 maxime
636 541 744 588 retrahat.

75 604 101 651 Si
113 604 235 652 solitudine
245 606 364 664 delectare,
376 621 430 653 cum
446 606 538 663 scribas,
556 614 579 653 et
593 605 682 669 aliquid
691 620 746 668 agas

75 683 163 726 corum,
175 685 275 732 quorum
284 671 405 729 consuesti,
417 670 519 733 gaudeo:
537 683 612 733 neque
624 670 746 732 reprehen-

75 732 105 780 do
120 741 188 780 tuum
199 735 335 782 consilium:
353 750 408 782 nam
419 735 478 781 nihil
492 735 536 782 isto
551 741 626 796 potest
643 749 691 781 csse
706 734 749 794 ju·

57 809 63 821 ”
75 797 182 858 euodius,
194 813 240 846 non
251 800 321 848 modo
331 799 462 847 miserishis
472 798 613 862 temporibus
624 806 647 845 et
657 799 748 846 luctuo-

77 861 117 921 sis,
128 863 168 910 sed
181 864 251 911 etiam
268 862 397 928 tranquillis
412 872 435 911 et
452 863 559 926 optatisr
568 860 695 925 presertim
710 862 749 909 vel

75 926 154 977 animo
164 927 288 991 defatigato
299 937 348 989 tuo,
360 928 401 992 qui
411 941 474 975 nunc
485 927 612 990 requietem
619 932 708 990 qureret
717 941 748 973 ex

76 992 167 1054 magnis
183 993 383 1054 occupationibusr
402 993 437 1040 vel
449 992 545 1050 erudito,
553 991 594 1054 qui
605 1005 695 1054 semper
705 990 749 1038 ali-

76 1054 134 1116 quid
144 1071 174 1102 ex
185 1071 208 1103 se
218 1064 317 1118 promat,
330 1056 393 1120 quod
403 1056 459 1104 alios
469 1056 573 1114 delectet,
583 1055 661 1118 ipsum
671 1053 749 1102 laudi-

77 1119 122 1166 bus
132 1118 237 1166 illustret.

109 1181 151 1230 Sin
157 1191 244 1243 autem,
252 1184 311 1231 sicut
316 1183 356 1231 hic
367 1183 424 1230 dum
433 1199 490 1242 eras,
498 1183 606 1248 lacrymis
614 1199 640 1231 ac
651 1183 749 1231 tristitie

78 1253 101 1293 te
108 1246 229 1305 tradidisti,
240 1247 315 1307 doleo,
326 1248 382 1311 quia
392 1248 454 1296 doles
465 1257 488 1295 et
495 1263 593 1310 angere3
605 1263 647 1296 nec
653 1263 749 1310 possum

78 1317 102 1357 te
112 1324 158 1357 non
170 1313 200 1365 (si
211 1312 322 1371 concedis,
340 1311 403 1376 quod
413 1313 533 1370 sentimus,
545 1321 572 1358 ut
581 1313 677 1360 liberius
687 1312 750 1360 dica-

78 1382 142 1433 mus)
154 1390 265 1424 accusare.
292 1377 358 1435 Quid
375 1376 456 1425 enim?
479 1384 505 1423 tu
523 1377 585 1424 solus
601 1386 682 1440 aperta
701 1391 750 1424 nou

78 1438 175 1499 videbis,
185 1440 227 1503 qui
236 1448 330 1504 propter
342 1456 439 1488 acumen
454 1441 607 1488 occultissima
621 1441 749 1504 perspicis?

80 1510 106 1550 tu
119 1518 167 1552 non
181 1505 302 1568 intelliges,
314 1513 337 1553 te
348 1505 445 1569 querelis
461 1505 600 1568 quotidianis
610 1505 671 1552 nibil
680 1505 751 1568 profi-

79 1571 150 1617 cere?
166 1584 213 1617 non
220 1570 333 1632 intelliges
342 1569 454 1632 duplicari
460 1569 631 1631 sollicitudines,
640 1585 699 1633 ques
705 1570 751 1619 ele·

10 1630 14 1635 ’
80 1648 136 1682 vare
147 1631 182 1696 [te
193 1636 245 1697 tua]
256 1634 380 1696 prudentie
389 1634 507 1696 postulati

112 1698 184 1755 Quod
195 1699 268 1745 sinon
278 1712 400 1760 possumus
411 1698 499 1761 aliquid
504 1698 613 1760 proficere
624 1697 750 1759 suadendo,

80 1762 155 1824 gratid
163 1761 330 1821 contendimus,
342 1769 365 1808 et
375 1762 484 1824 rogando,
496 1763 515 1810 si
526 1761 583 1872 quid
593 1763 673 1810 nostri
683 1764 752 1812 causi

79 1824 123 1884 vis,
134 1835 161 1873 ut
170 1826 220 1872 istis
232 1834 255 1872 te
274 1825 383 1873 molestiis
393 1826 465 1884 laxes,
477 1835 500 1873 et
514 1843 528 1874 a
558 1827 688 1874 convictum
699 1843 752 1876 nos·

80 1895 145 1935 trum
155 1889 242 1948 redeas,
254 1897 276 1937 et
287 1889 317 1936 ad
328 1891 515 1938 consuetudinem
529 1891 566 1938 vel
576 1899 679 1938 nostram
689 1907 755 1940 coms

80 1967 185 2012 munem,
204 1954 240 2001 vel
256 1962 321 2001 tuam
339 1954 408 2001 solius
423 1970 450 2002 ac
464 1955 587 2018 propriam.
614 1955 691 2018 Cupio
705 1971 752 2004 non

80 2018 207 2065 obtundere
222 2018 288 2076 te,si
305 2032 352 2065 non
367 2019 478 2067 delectare
488 2027 565 2067 nostro
576 2019 667 2066 studio:
684 2021 754 2084 cupio

82 2081 202 2143 deterrere,
213 2097 244 2130 ne
253 2097 386 2146 permaneas
394 2083 418 2130 in
429 2084 527 2147 incepto,
539 2099 592 2131 cum
599 2083 652 2131 duae
663 2099 698 2132 res
704 2085 755 2133 istae

78 2146 201 2194 ‘contrarie
211 2162 249 2194 me
260 2150 410 2195 conturbent:
427 2163 456 2194 ex
473 2148 566 2211 quibus,
581 2155 622 2194 aut
638 2147 664 2194 in
681 2149 753 2196 alteru

81 2209 141 2256 mihi
151 2210 220 2258 velim
237 2211 267 2264 (si
282 2219 356 2276 potes)
371 2213 522 2276 obtemperes,
534 2219 575 2260 aut
585 2211 610 2260 in
622 2212 697 2262 alteris
707 2227 753 2261 non

81 2274 191 2323 offendas.
208 2274 275 2342 Vale.

115 2469 185 2534 (15.)
202 2470 239 2520 M.
251 2470 378 2554 ulduno
395 2471 425 2520 L.
440 2469 601 2533 Lucumo,
613 2469 645 2530 Q.
660 2470 688 2519 F.
696 2471 722 2520 S.

124 2598 331 2664 (Argumentum.
346 2598 379 2640 ’-
388 2597 521 2663 Respondet
539 2596 649 2660 superiori
672 2596 756 2660 episto·

64 2659 104 2722 ¹⁴22
117 2663 205 2731 lugere
217 2685 255 2736 se,
265 2682 315 2720 non
328 2675 380 2718 tam
392 2664 449 2716 tute
461 2663 641 2724 obitum,un
650 2659 758 2722 rupubli·
