1650 2948
203 149 254 198 ΑΙ)
270 148 446 200 Dlvffltsos.
465 151 524 198 Lm.
542 152 587 202 VI.
607 153 643 200 10.
712 156 756 210 167

85 281 177 344 magnis
184 281 242 328 meis
249 282 361 329 veteribus
370 280 456 339 officiis,
464 296 502 328 me
508 282 628 344 diligenter
636 285 755 332 observant

84 355 108 395 et
118 348 212 474 iffi,
223 410 242 458 ei
253 409 294 473 qui
304 409 363 456 mihi
376 410 418 457 erit
429 409 503 457 aditus
514 410 543 458 de
553 411 600 458 tuis
613 411 719 472 sononia,
730 412 755 460 id

83 484 128 535 eet,
139 475 169 523 de
178 474 222 522 tud
231 474 396 533 incolumitate,
409 474 434 520 in
446 474 493 537 qui
509 484 564 522 aunt
573 476 660 536 omnia,
672 477 755 540 agendi

84 544 96 594 (
129 539 160 587 ud
170 538 264 603 quida
274 538 377 603 quotidie
390 539 464 601 magis
475 554 504 586 ex
515 555 593 588 eorum
610 542 753 590 aenuonibua

148 618 188 652 eor
203 612 231 651 ut
248 599 358 667 eperun),
376 617 444 666 agam
454 618 495 666 per
505 618 544 651 me
555 604 612 667 ipse,
628 614 652 653 et
662 606 753 654 moliar.

103 666 110 679 ¹
288 667 498 715 ‘nonastnoeeeaer
510 668 642 716 universum
649 671 751 718 studium

84 746 166 780 merum
173 741 196 780 et
205 718 386 780 benevofentiam
393 730 453 778 adte
461 731 545 778 defero.
562 733 607 780 Sed
613 734 692 796 magni
699 733 754 783 med

83 795 186 857 interest,
197 796 241 844 hoc
252 805 304 843 tuos
318 811 397 844 omnee
408 794 473 856 seire,
489 794 552 858 quod
567 797 612 844 tuis
622 797 692 845 literis
703 799 752 847 fieri

151 870 176 918 t;
192 869 220 908 ut
229 859 367 922 intelligent,
384 859 463 908 omnia
473 859 589 907 Cioeronia
604 869 682 923 patere
693 862 753 910 Tre·

101 926 107 936 “
179 924 383 988 Hooeopertinet,
398 923 753 974 utnihilexiatimentessetam

80 989 185 1102 (ἱίίίὶὶἓίΙῆ
192 989 255 1054 quod
265 1003 320 1049 non,
332 997 403 1052 prote
410 988 469 1036 mihi
476 997 616 1052 susceptum,
621 989 752 1051 jucundum

80 1054 113 1104 eit
149 1062 237 1103 mrum.

112 1117 317 1166 Alttoemiaieaem
333 1117 398 1165 adte
414 1117 500 1176 literas,
515 1118 535 1166 ai
550 1133 623 1182 genua
639 1118 752 1168 scribendi

78 1183 223 1233 manuum
241 1182 283 1230 taii
293 1182 354 1229 euim
367 1191 476 1245 tempore,
490 1191 532 1230 aut
547 1184 658 1231 ooueolari
668 1184 753 1232 aurioo·

79 1262 136 1296 rum
146 1255 189 1306 eet,
198 1255 239 1295 aut
296 1245 301 1257 '
340 1246 346 1257 ’
372 1246 532 1295 Consolatione
537 1262 584 1294 non
590 1250 679 1308 utebar,
687 1248 750 1312 quod

80 1328 113 1361 ex
122 1311 203 1360 multis
213 1247 355 1370 unffi
356 1326 426 1374 quam
437 1310 525 1358 fortiter
535 1312 694 1375 sapienterque
705 1312 751 1360 fer-

79 1391 118 1425 rea
134 1375 245 1436 injuriam
263 1384 401 1450 temporum,
423 1390 541 1439 quamque
562 1384 585 1423 te
606 1376 752 1424 vehementer

79 1440 236 1490 consolaretur
247 1439 382 1489 eonsumtio
392 1439 505 1487 factorum
515 1447 538 1486 et
546 1439 691 1487 consiliorum
699 1449 752 1487 tuo-

78 1518 150 1553 ruma
168 1503 231 1569 quod
242 1503 336 1568 quidem
347 1503 366 1551 si
381 1503 446 1563 faeie,
463 1517 574 1577 magnum
584 1502 687 1551 fructum
702 1511 751 1550 etu-

78 1568 174 1618 diorum
191 1567 332 1632 optimorum
350 1567 419 1631 eopia,
436 1567 463 1613 in
473 1568 558 1631 qurbua
573 1574 595 1614 te
606 1581 695 1630 semper
706 1567 752 1614 seio

78 1649 129 1683 eaeo
137 1641 271 1681 versatum:
287 1632 359 1695 idque
369 1640 396 1679 ut
406 1630 482 1689 faciae,
495 1631 563 1678 etiam
575 1631 720 1693 atqueetiam
727 1638 750 1678 te

77 1699 166 1748 hortor.
184 1695 261 1744 Simul
272 1704 294 1744 et
304 1695 363 1744 illud
370 1696 422 1755 tibi,
428 1695 517 1743 homini
527 1693 749 1758 peritissimorerum

77 1771 103 1812 et
112 1761 273 1824 exemplorum
284 1769 308 1808 et
317 1759 392 1808 omnio
402 1759 529 1819 vetustatis,
546 1774 576 1807 ne
588 1758 638 1822 ipae
655 1757 750 1822 quidem

77 1825 152 1887 rudia,
168 1825 209 1873 aed
226 1825 251 1872 in
269 1824 345 1872 studio
361 1824 439 1871 minua
455 1824 550 1871 fortasse
567 1839 638 1887 quam
657 1823 749 1883 vella,

63 1900 103 1955 'lut
111 1891 138 1938 in
152 1891 222 1938 rebus
233 1897 302 1952 atque
312 1904 357 1936 usu
365 1889 418 1951 plus
426 1888 495 1935 etiam
510 1903 581 1952 quam
593 1888 684 1946 vellem,
699 1903 750 1936 ver·

76 1963 150 2014 aetus,
168 1953 278 2017 spondeo,
293 1953 336 2000 tibi
352 1952 420 1999 istam
438 1952 583 2000 acerbitatem
601 1960 623 1999 et
639 1952 749 2013 injuriam

75 2035 124 2068 nou
143 2019 277 2066 diuturnam
294 2016 349 2065 fore.
367 2017 431 2063 Nam
449 2017 546 2079 etipse,
565 2015 606 2079 qui
620 2016 748 2079 plurimum

75 2091 160 2149 potest,
172 2081 275 2147 quotidie
288 2080 347 2128 mihi
361 2080 437 2128 delabi
452 2079 481 2127 ad
492 2080 624 2144 aequitatem
638 2089 661 2128 et
671 2080 701 2128 ed
711 2097 747 2128 re·

75 2163 131 2197 rum
148 2156 255 2195 naturam
266 2145 370 2193 videtur:
388 2153 411 2192 et
425 2145 475 2208 ipsa
485 2160 553 2192 eausa
563 2159 590 2192 ea
600 2153 642 2203 eet,
658 2153 686 2192 ut
698 2147 749 2206 jam

76 2212 149 2261 ahnul
156 2227 214 2259 oum
224 2210 341 2274 republiod
352 2210 416 2284 (quae
426 2210 451 2256 in
461 2217 599 2272 perpetuum
611 2210 686 2271 jaoere
700 2224 748 2256 non

152 2274 165 2337 )
176 2273 300 2324 neomoario
316 2273 435 2321 reviviscat
446 2282 516 2338 atque
526 2281 654 2321 recreetur:
672 2274 749 2336 quoti·

76 2285 162 2406 me
172 2337 261 2402 aliquid
271 2337 298 2386 flt
307 2338 382 2385 lenius
398 2346 421 2384 et
430 2337 555 2396 liberalius,
570 2352 641 2401 quam
653 2338 749 2385 timeba-

77 2419 140 2454 mus.
164 2404 228 2463 Qua
246 2403 356 2466 quoniam
373 2403 397 2448 in
414 2410 545 2477 temporum
562 2401 748 2449 inclinationibus

76 2484 139 2534 πμ
149 2467 226 2535 parvis
235 2466 310 2531 posita
326 2475 389 2526 sunt,
403 2481 481 2514 omma
491 2475 609 2513 momente
619 2464 749 2511 observabi-

75 2546 149 2591 mua3
166 2547 243 2595 neque
259 2531 335 2579 ullum
351 2531 551 2596 pretermittemua
563 2529 598 2578 toi
613 2527 711 2589 jurandi
726 2535 748 2574 et

73 2596 168 2648 ievmdi
177 2597 264 2644 locum

107 2660 193 2725 Inque
202 2658 262 2708 iilud
275 2659 375 2712 aiterum
388 2660 465 2728 (quod
475 2657 539 2723 dirui
546 2658 676 2708 timaeum
684 2669 763 2717 geum
