1650 2948
185 169 235 216 ΑΙ)
252 170 429 220 DIVERSOS.
448 175 506 220 litu
527 175 558 220 X.
575 177 615 220 Ἠ.
685 177 733 222 303

62 306 158 354 acuunt,
178 313 206 345 ne
225 300 281 362 quid
301 312 341 347 aut
359 318 387 348 ex
402 318 479 348 amore
494 312 534 349 aut
549 320 576 349 ex
590 304 676 363 judicio
692 312 732 348 tuo

59 362 164 425 perdam.
182 364 245 426 Opto
261 374 287 410 ut
300 366 357 411 mihi
372 367 438 412 Hceat
450 367 634 430 ju111‚praesel.·ti‚
650 367 733 429 pietate

59 441 166 473 meorum
183 427 318 486 officiorum,
334 438 375 476 tua
388 431 496 478 beneficia
512 432 554 478 tibi
564 432 638 479 iecere
648 433 733 492 jucun-

58 489 130 538 diora.
148 489 237 541 Octavo
248 491 306 541 Idus
316 493 375 542 Jun.
393 494 515 558 Givarone,
527 511 556 544 ex
566 495 652 544 finibus
662 495 732 543 Allo-

58 555 166 619 bueum

79 752 151 812 (et)
167 753 334 814 Phileous,
352 754 425 803 1MP.
443 753 540 803 CONS.
557 752 699 802 DESIGN.

260 821 284 869 S.
291 819 324 866 1).
337 818 490 868 CICERON
493 817 515 866 1.

11 991 14 997 ,
86 944 283 1010 (Argumentum.
292 974 324 984 -
330 948 360 996 Se
368 963 494 996 memorem
502 947 665 996 beneficiorum
677 947 730 1021 pol-

53 1009 149 1058 lieeturt
167 1025 220 1058 uuas
239 1011 315 1075 copim
333 1022 426 1060 narret:
452 1012 582 1060 subsidium
602 1011 729 1060 caesanani

53 1082 96 1121 eut
109 1073 217 1122 Afrioeni
230 1076 340 1124 exereitus
354 1077 441 1140 poscit:
460 1077 626 1138 Octavianum,
642 1084 670 1125 ut
685 1092 729 1140 pa-

53 1153 109 1186 rum
118 1138 208 1202 reipub·
221 1149 347 1200 umentem,
359 1139 451 1205 outpit)

88 1267 175 1317 Fecere
184 1283 345 1332 impostum,
357 1270 414 1334 quin
426 1270 451 1316 in
463 1270 565 1333 singulas
579 1287 623 1330 ree,
635 1271 731 1318 merita-

56 1347 104 1397 que
120 1340 170 1392 tua,
188 1333 231 1381 tibi
244 1335 329 1397 gratias
346 1349 422 1398 agam.
440 1335 485 1382 Sed
504 1336 655 1398 (mehercule)
670 1335 730 1382 facio

56 1411 112 1444 oum
122 1397 217 1460 pudore.
234 1399 320 1462 Neque
334 1399 396 1447 enim
409 1407 474 1446 tenta
487 1399 637 1459 necessitudo,
655 1415 730 1462 quan-

55 1469 106 1508 tem
121 1470 148 1509 tu
165 1461 224 1510 mihi
236 1471 313 1510 tecum
324 1479 372 1511 esee
386 1463 487 1521 voluisti,
499 1463 626 1510 desiderare
639 1463 730 1510 videtur

54 1525 184 1590 gratiarum
194 1526 322 1585 actionem
339 1543 415 1591 neque
425 1543 467 1590 ego
480 1528 588 1574 lubenter
601 1542 643 1589 pro
654 1526 730 1572 maxi·

54 1589 101 1638 mie
109 1590 156 1638 tuit
162 1591 277 1638 benefieiis
285 1599 333 1638 tum
338 1591 379 1640 viii
384 1606 480 1639 munere
487 1591 600 1654 defungor
607 1590 714 1637 orationis
722 1607 730 1638 e

55 1663 79 1702 et
89 1655 153 1702 melo
164 1669 262 1718 praeeens
268 1655 418 1715 observandi,
426 1655 579 1718 indulgendi,
586 1653 729 1712 assiduitate,

55 1733 184 1767 memorem
199 1734 237 1767 me
247 1719 290 1767 tibi
304 1723 406 1784 probare.
424 1719 529 1780 Quodsi
544 1719 603 1766 mihi
614 1719 662 1767 vite
676 1734 730 1766 oon·

56 1783 143 1847 tigerit,
154 1798 235 1831 omnes
245 1792 321 1846 gratas
331 1785 442 1832 amicitiae
453 1794 523 1846 etque
535 1783 604 1830 etiam
614 1783 665 1846 piae
676 1799 731 1846 pro-

55 1847 199 1910 pinquitates
216 1848 241 1894 in
256 1849 291 1895 tui
306 1847 621 1910 observantii‚i11dulgentid,
633 1846 730 1894 assidui-

55 1920 112 1970 tate,
123 1912 222 1960 vineam.
238 1912 316 1960 Amor
326 1914 388 1960 enim
399 1922 462 1972 tuus,
476 1927 503 1960 ee
515 1911 629 1974 judicium
641 1911 669 1959 de
680 1927 727 1971 me,

56 1984 137 2023 utrum
148 1977 210 2023 mihi
219 1977 272 2040 plue
283 1977 400 2040 dignitatis
410 1977 435 2023 in
446 1986 592 2040 perpetuum,
604 1991 633 2023 eu
646 1977 729 2040 volup-

56 2040 111 2088 tatis
122 2040 233 2104 quotidie,
242 2041 272 2088 eit
282 2042 402 2100 allaturus,
414 2056 460 2088 non
471 2040 537 2088 facile
548 2040 653 2088 dixerim.

89 2103 129 2153 De
139 2104 242 2161 militum
253 2104 388 2162 commodis,
399 2104 446 2153 fuit
459 2105 501 2152 tibi
512 2121 589 2161 ουτως
607 2120 665 2168 quos
676 2121 728 2169 ego,

57 2183 105 2217 non
111 2169 219 2232 potentie
228 2185 287 2217 meae
298 2168 374 2231 causi,
385 2168 455 2234 (nihil
465 2169 526 2216 enim
537 2185 576 2217 me
586 2185 633 2217 non
644 2170 730 2217 sulute-

58 2233 112 2281 riter
125 2233 225 2296 oogiture
238 2234 294 2294 ecio)
311 2234 387 2282 ornari
397 2233 461 2281 volui
475 2249 489 2280 e
502 2242 599 2290 senatu;
617 2233 664 2293 sed,
682 2234 730 2297 pri-

58 2312 135 2358 mum,
142 2297 206 2360 quod
216 2298 249 2344 ite
255 2298 348 2346 meritos
356 2297 503 2359 judicabemt
516 2299 606 2357 deinde,
616 2299 687 2361 quod,
700 2297 730 2344 ud

58 2375 139 2410 omnes
149 2377 222 2420 meus,
234 2362 399 2422 oonjunctioret
407 2363 537 2424 reipublicae
548 2378 596 2410 esse
607 2363 711 2410 volebam
720 2377 729 2417 ς

58 2425 192 2484 novissime,
210 2435 246 2486 ut,
257 2428 286 2474 eb
298 2427 362 2474 omni
375 2427 481 2474 omnium
496 2425 653 2475 sollicitatione
666 2439 731 2470 ever·

58 2505 104 2604 ζα,
120 2505 160 2538 eoe
173 2489 230 2538 telee
248 2491 312 2538 vobit
324 2503 432 2554 prestare
446 2505 545 2554 possem,
561 2489 640 2552 quales
655 2487 731 2534 adhuc

85 2562 162 2603 erunt,

92 2615 147 2668 Noe
155 2618 231 2668 adhuc
245 2619 285 2668 hio
295 2617 374 2669 omnio
383 2620 474 2687 integra
483 2615 644 2667 euuiuuimue
659 2614 737 2675 Quod
