1650 2948
185 137 236 185 AD
252 137 430 190 DIVERSOS.
448 142 507 188 Lm.
525 143 599 190 VIII.
616 144 639 189 3.
696 143 745 190 219

110 266 149 313 De
168 282 194 314 re
210 269 305 329 publici
322 270 383 331 quod
403 271 445 317 tibi
462 270 566 326 scn'bam,
587 271 644 317 nihi]
663 271 743 317 habeo.

76 329 184 378 Marcelli
201 332 300 394 impetus
318 335 457 395 resederunt,
477 335 629 393 neminemid,
647 336 687 382 scd
706 337 743 398 (ut

74 394 134 441 mihi
150 395 281 458 videbatur)
297 399 397 445 consiIIo.
415 399 454 446 De
472 399 569 447 comitiis
584 400 742 447 consularibus

73 457 224 507 incertissIme
236 469 272 520 eet
285 462 429 510 existimatio.
446 461 498 527 Ego
512 462 582 510 incidi
594 463 619 511 in
633 463 744 528 competi·

73 529 149 570 torem
158 524 269 583 nobilem,
281 534 304 572 et
313 526 415 574 nobilem
425 541 537 590 agentem.
553 528 579 575 N
579 543 617 576 am
626 526 664 574 M.
672 528 745 576 Octo·

74 585 136 646 vine,
145 587 189 636 Gn.
196 587 267 648 filius,
279 597 301 637 et
310 589 337 642 C.
347 591 441 652 Hirrus,
450 607 541 640 mecum
548 592 612 655 petit
630 591 684 641 Hoc
691 591 744 640 ideo

74 651 163 714 ποι-ἱρά,
182 653 245 717 quod
255 653 310 714 ecio,
322 655 444 715 tenaciter,
455 664 547 720 propter
562 656 670 715 Hirrum,
681 671 743 704 nun·
783 694 785 699 ⁴

73 713 136 776 tiutn
146 726 276 766 nostromm
291 719 436 767 comitiorum
449 728 641 782 exspectaturum.
657 720 698 768 Tu
708 728 744 768 ta-

74 792 130 827 men
141 780 213 827 aimul
223 797 249 830 ac
263 781 301 829 me
311 783 457 846 designatum
471 783 577 842 audieris,
592 792 619 830 ut
630 784 672 832 tibi
682 800 743 833 curae
792 808 800 832 t'

74 843 114 903 eit,
126 844 189 907 quod
197 845 227 892 ad
236 847 358 909 pantheras
369 848 457 906 attinet,
469 863 531 910 rogo.

106 909 268 973 Syagrapham
280 911 401 959 Sittianam
408 912 452 961 tibi
459 911 602 959 oommendo.
618 911 743 961 Commen-

74 972 161 1020 tarium
176 989 252 1022 rerum
267 977 408 1023 urbanarum
424 976 528 1039 primum
543 975 597 1024 dedi
609 976 639 1024 Ia.
658 976 744 1025 Caetri-

74 1035 215 1151 zizlg'aeto:
232 1040 359 1087 secundum
373 1041 403 1101 ei,
415 1039 456 1104 qui
472 1039 515 1088 heo
529 1041 606 1090 literae
621 1040 663 1090 tibi
673 1040 743 1090 dedit.

191 1293 250 1360 (a.)
266 1295 400 1347 ommes
415 1295 585 1346 moenem
608 1298 632 1347 s.

108 1427 303 1491 (Argumentum.
319 1434 353 1466 -'-
364 1428 440 1477 Suum
456 1429 482 1476 In
497 1428 615 1478 scribendo
633 1427 743 1489 officium,

73 1507 192 1556 utumque
214 1491 328 1541 Ciceronis
345 1491 492 1553 desiderium,
512 1493 632 1556 signifieat,
652 1507 743 1540 necnon

73 1556 106 1607 de
116 1555 164 1604 cuis
180 1556 278 1604 comitiis
290 1565 313 1605 et
327 1556 530 1620 competitoribuu
548 1556 617 1604 etiam
630 1556 660 1603 de
673 1555 747 1602 Milo·

73 1620 112 1669 nie
130 1622 207 1668 rebus.
223 1620 330 1668 Tandem
344 1637 410 1668 suam
428 1636 482 1669 cum
499 1621 607 1668 Cicerone
619 1619 744 1667 amidtiam

73 1685 102 1744 in
112 1685 190 1749 aliquo
200 1685 263 1734 illiue
272 1685 332 1734 libro
342 1684 464 1734 memorari
472 1682 553 1749 eupit)

109 1812 203 1863 Eetne?
220 1814 284 1863 vici?
301 1822 324 1862 et
340 1812 383 1861 tibi
402 1829 470 1878 cepe,
488 1812 551 1878 quod
566 1812 662 1877 negdeca
674 1810 747 1861 disee·

74 1876 134 1927 dene
145 1887 287 1938 curaturum,
300 1878 377 1926 literae
387 1878 473 1926 mitto?
489 1878 541 1936 Est,
553 1877 573 1926 ei
586 1878 681 1942 quidem
693 1892 746 1941 per-

76 1942 194 2002 feruntur,
206 1957 263 2006 qaas
278 1941 315 1990 do.
331 1942 413 2006 Atque
423 1942 466 1991 hoc
480 1958 507 1990 eo
518 1942 650 2005 diligentius
659 1942 746 2001 factito,

77 2005 152 2071 quod,
163 2021 217 2054 cum
228 2006 313 2054 otiosus
324 2022 385 2066 eum,
397 2007 473 2069 plane,
481 2007 522 2054 ubi
533 2006 643 2054 delectem
651 2007 747 2054 otiolum

76 2085 168 2131 meum,
179 2085 227 2118 non
241 2070 322 2118 habeo.
340 2071 380 2118 Tu
394 2085 449 2118 cum
463 2071 547 2118 Roma
561 2086 618 2130 eras,
628 2072 672 2119 hoe
688 2070 748 2117 mihi

77 2144 169 2185 oerttim
187 2150 214 2182 ac
229 2134 423 2196 jumndiesimum
441 2135 532 2182 vacanti
550 2135 669 2198 negotium
690 2143 746 2193 eret,

78 2208 158 2249 mum
167 2199 193 2247 id
203 2199 244 2247 otii
255 2208 347 2263 tempus
357 2190 505 2248 ednsumere=
523 2199 593 2262 idque
603 2214 649 2248 non
660 2198 749 2247 medio-

78 2264 147 2313 criter
163 2262 281 2321 desidem
298 2273 325 2310 ut
343 2278 389 2310 non
404 2264 473 2312 modo
487 2263 546 2311 mihi
560 2264 622 2312 solue
636 2279 692 2323 esse,
709 2262 749 2310 ced
790 2288 794 2301 ι

78 2328 173 2388 Itomae,
191 2336 214 2376 te
224 2327 333 2392 profecto,
348 2327 448 2376 solitudo
462 2328 566 2376 videatur
579 2328 655 2376 facta:
673 2325 749 2389 etqui

79 2395 146 2459 (que
155 2408 208 2440 mea
222 2392 362 2456 negligentia
374 2391 418 2452 est)
433 2394 519 2442 multoe
533 2408 594 2457 sepe
610 2393 659 2440 diee
673 2390 703 2438 ed
716 2399 748 2447 te,

79 2471 136 2507 enm
153 2458 192 2505 hic
210 2473 268 2518 maa,
285 2470 332 2504 non
347 2457 490 2518 accedebam,
504 2472 567 2506 nunc
584 2455 686 2520 quotidie
702 2465 750 2505 non

78 2536 129 2572 eme
139 2530 171 2582 te,
182 2521 290 2586 adquem
300 2521 416 2581 cursitem,
424 2521 553 2570 discrucior.
571 2519 678 2568 Maxime
686 2531 749 2574 vero,

79 2594 109 2636 at
117 2594 142 2636 te
151 2586 201 2636 dieo
213 2593 337 2651 noctesque
346 2601 457 2650 queram,
469 2584 603 2649 competitor
614 2582 699 2630 Hirrus
709 2595 750 2628 eu·
