1650 2948
67 173 113 219 132
188 169 238 217 An
256 166 433 217 nrvsnsos.
450 164 552 217 ων.
570 165 608 213 rt.
701 220 704 224 ,

131 323 200 390 (13.)
212 322 249 370 rr.
261 322 321 370 os.
331 321 363 368 n.
381 318 583 380 muscetum,
600 318 632 379 Q.
640 317 669 367 r.

109 470 302 535 (Argumentum.
316 492 349 502 -
364 464 520 516 Consolationi
539 463 670 527 respondet,
686 461 736 527 qu!

67 552 91 583 se
113 535 169 582 mire
183 535 286 580 levatum
307 547 354 578 esse
370 531 464 587 fatetur,
484 538 511 575 ut
527 528 581 575 forti
600 529 678 576 animo
696 528 735 589 sil,

67 599 109 647 etsi
120 598 149 645 de
158 596 276 661 republicis
286 595 395 659 desperet.
416 592 505 642 Caesare
522 592 560 640 lV
577 593 671 641 consule
686 592 736 641 aina

70 661 174 726 couegt)

100 815 252 880 Quamquam
262 815 314 878 ipsa
319 813 442 861 consolatio
449 812 568 860 literarum
576 820 671 860 tuarum
678 808 737 860 milri

69 882 198 946 gratimma
216 889 250 929 est
265 879 374 934 (declarat
388 877 450 925 enim
467 891 585 923 summam
601 876 742 929 benevolent-

71 947 136 1004 dam,
148 940 499 1006 conjunctampariprudentii);
511 949 589 988 tamen
598 940 668 988 illum
679 939 740 990 froc·

71 1021 123 1058 tum
134 1026 163 1057 ex
177 1010 205 1056 iis
215 1009 286 1055 literis
296 1008 333 1054 vel
343 1006 473 1054 maximum
489 1004 547 1067 cepi,
563 1004 626 1068 quod
642 1014 666 1053 te
681 1019 740 1069 pru·

71 1075 131 1122 clare
141 1089 176 1121 res
191 1073 305 1119 humanas
317 1079 508 1128 contemnentem,
521 1077 544 1116 et
558 1068 646 1133 optime
663 1076 741 1119 contu

71 1138 188 1184 fortunam
210 1143 317 1198 paratum
338 1143 508 1197 armatumque,
534 1132 645 1196 cognovi:
669 1134 741 1198 quam

72 1201 165 1264 quidem
176 1199 269 1246 laudem
280 1196 396 1259 sapientia
406 1206 481 1245 statuo
488 1213 535 1245 esse
544 1197 683 1257 maximam,
694 1196 741 1246 ndi

71 1264 164 1313 aliunde
174 1262 281 1327 pendere,
295 1276 336 1308 nec
347 1261 487 1309 extrinsecus
504 1269 544 1309 aut
559 1263 619 1310 bene
629 1270 671 1310 aut
680 1262 742 1311 malo

73 1328 164 1377 vivendi
181 1341 301 1389 suspensas
319 1327 404 1373 habere
417 1325 521 1373 rationes.
547 1325 609 1384 Qun
626 1325 741 1390 cogitatio,

73 1409 128 1440 cum
137 1391 195 1439 mihi
207 1406 253 1438 non
264 1391 358 1437 omnino
369 1389 489 1438 excidisset
500 1391 595 1444 (etenim
605 1391 699 1454 penitus
708 1390 744 1439 in·

73 1457 179 1516 sederat),
191 1455 214 1504 vi
226 1464 304 1503 tamen
315 1463 479 1518 tempestatum
490 1463 513 1501 et
528 1470 640 1502 concursu
651 1454 746 1515 calami·

75 1531 150 1570 tatum
162 1528 210 1570 erat
222 1519 368 1583 aliquantum
383 1519 519 1567 labefactata
533 1527 603 1582 atque
619 1520 743 1569 convulsae

75 1587 146 1635 culte
156 1584 264 1650 opitulari
275 1592 298 1631 et
308 1584 381 1641 video,
391 1593 414 1631 ct
424 1583 448 1630 id
458 1583 536 1630 fecisse
551 1583 621 1631 etiam
634 1583 746 1647 proximis

74 1651 154 1711 literis,
165 1650 314 1712 multumque
322 1647 450 1710 profecisse,
459 1647 539 1696 sentio.
557 1649 642 1712 Itaque
652 1648 697 1698 ltoc
704 1649 745 1699 iu,

75 1716 128 1779 pius
149 1713 280 1771 dicendum,
298 1712 386 1774 tibique
403 1726 449 1758 non
466 1711 644 1774 significandum
661 1713 746 1774 solum,

76 1780 116 1827 sed
125 1779 193 1827 etiam
207 1775 378 1833 declarandum,
391 1776 496 1836 arbitror,
508 1775 567 1824 nihil
575 1776 634 1824 mihi
647 1792 696 1825 csse
704 1791 746 1842 po-

76 1843 146 1890 tuisse
156 1841 201 1888 tuis
211 1840 282 1886 literis
292 1838 386 1901 gratius.

108 1905 151 1953 Ad
161 1903 325 1952 consolandum
335 1911 413 1950 autem
424 1920 478 1952 cum
488 1905 529 1953 illa
539 1905 624 1964 valent,
636 1922 691 1970 quta
700 1905 746 1961 ela

77 1979 158 2033 genter
177 1968 311 2030 copioseque
321 1967 439 2030 collegisti,
459 1977 511 2017 tum
522 1969 582 2016 nihil
594 1969 656 2033 plus,
674 1986 746 2036 quam

77 2033 141 2097 quod
147 2031 312 2080 firmitudinem
318 2031 499 2096 gravitatemque
504 2033 576 2080 animi
584 2028 746 2100 tuiperspexig

79 2113 150 2161 quam
159 2111 205 2145 non
216 2096 301 2144 imitari
312 2096 470 2159 turpissimum
481 2098 594 2145 existimo.
611 2099 747 2163 Itaquehot

79 2163 149 2210 amm
159 2161 275 2210 fortiorem
285 2170 395 2224 menum,
411 2175 483 2224 quam
498 2163 607 2225 teipsum,
623 2172 748 2228 precepto·

78 2241 128 2274 rem
135 2224 288 2281 fortitudinis3
306 2224 369 2288 quod
379 2234 405 2272 tu
416 2225 474 2272 mihi
484 2227 560 2274 videre
570 2242 637 2290 spem
647 2228 748 2281 nonnul·

79 2291 128 2339 lam
144 2289 236 2348 habere,
255 2289 305 2337 heo
321 2289 445 2352 aliquando
457 2289 536 2338 futtrrs
547 2289 651 2339 meliora.
675 2293 749 2343 cnm

80 2355 143 2403 enim
172 2352 293 2411 ladiatorii‚
305 2352 512 2418 similitudinesque
527 2370 568 2414 eae,
585 2364 638 2403 tum
650 2357 749 2407 ratione·

80 2419 106 2467 in
116 2418 144 2467 ca
171 2417 176 2428 '
206 2416 307 2464 statione
314 2433 329 2464 a
338 2425 362 2464 te
372 2419 478 2478 collecte,
490 2421 598 2467 vetabant
616 2436 655 2469 me
671 2420 749 2486 reipu-

80 2483 147 2532 blicae
154 2481 246 2546 penitus
253 2480 361 2529 diffidere.
374 2483 456 2546 Itaque
462 2483 561 2531 alterum
567 2483 750 2549 minusmnum,

81 2547 198 2596 fortiorem
208 2553 231 2593 te
242 2561 297 2604 esse,
314 2560 368 2594 cum
384 2547 471 2612 aliquid
486 2562 577 2612 speres;
594 2548 695 2600 atterum
704 2548 751 2607 mio

75 2629 142 2676 rum,
154 2609 346 2681 speulliteneri.
727 2618 732 2625 '
