1650 2948
81 114 126 161 lm
203 111 253 160 AD
272 111 448 161 DIVERSOS.
467 111 528 161 Iaso.
540 110 572 159 V.
589 111 628 159 m.

77 251 112 298 tu,
125 242 144 289 si
154 242 224 289 simul
234 243 340 306 placebit,
353 241 430 290 statim
441 241 471 289 sd
481 255 519 288 me
529 240 620 288 venies:
639 239 674 286 sin
684 237 743 286 idem

77 307 184 368 placebit,
196 315 265 369 atque
276 307 364 365 codem,
380 320 422 352 noc
432 304 541 352 continuo
551 304 652 367 poterim
669 302 746 351 omnia

76 371 119 417 tibi
130 379 156 416 ut
166 379 220 417 note
231 371 284 426 sint,
291 370 381 416 faciam.
399 368 522 432 Quidquid
528 368 642 426 statueris,
655 375 678 413 te
688 365 744 413 mihi

76 434 193 490 amicum
210 435 245 481 sin
256 434 279 480 id
290 435 352 496 quod
364 441 426 497 opto,
438 434 507 480 etiam
519 432 694 490 amicissimum,
707 431 745 491 ju-

77 498 165 546 dicabo.
183 499 248 546 Vale

251 699 321 761 (20.)
338 668 466 746 mosao
482 695 584 747 suaa.

109 826 303 890 (Argumentum.
312 826 453 876 —Excusat
464 843 488 875 se
498 826 571 883 Rufo,
581 823 689 889 querenti
706 839 746 888 pei

76 891 162 953 literas,
173 892 236 957 quod
252 893 350 940 rationes
362 891 484 955 provinciis
494 891 524 939 sd
535 891 650 947 serarium,
662 904 690 937 co
699 903 744 937 nou

77 965 216 1020 exspectato,
233 956 356 1005 detulisset.
380 957 462 1019 Ipsum
473 955 535 1002 enim
546 955 583 1002 vel
593 954 673 1003 addita
683 969 745 1029 qun·

77 1021 132 1068 dam
143 1022 179 1069 vel
189 1021 312 1067 immutata
321 1019 346 1066 in
356 1019 384 1066 iis
393 1035 481 1082 cupere.
499 1020 561 1066 Tota
571 1027 606 1066 est
615 1015 745 1067 deranonie

76 1085 128 1141 bus,
141 1092 164 1131 et
174 1085 204 1132 ob
219 1084 244 1130 id
260 1085 365 1144 obscura,
382 1084 462 1143 etiam,
478 1083 620 1133 sociantibus
635 1082 711 1143 libris,
726 1080 745 1131 ti

76 1163 129 1210 quae
139 1147 193 1207 alia,
204 1155 304 1206 vexata.)

107 1273 163 1334 Quo
173 1275 243 1322 modo
256 1274 390 1338 potuissem,
408 1284 430 1324 te
446 1275 610 1335 convenissem,
621 1273 642 1325 si
652 1289 689 1335 co,
699 1288 746 1340 quo

75 1339 231 1399 constitueras,
247 1339 324 1387 venire
340 1339 455 1389 voluisses.
479 1340 567 1398 Quare,
583 1339 627 1388 etsi
637 1339 672 1389 tui
683 1354 747 1401 mm&

73 1403 139 1451 modi
149 1404 218 1451 causi
228 1419 370 1453 commovere
380 1420 418 1451 mc
428 1404 531 1463 noluisti,
544 1413 623 1452 tamen
636 1403 671 1452 ita
686 1403 746 1452 exis·

74 1467 142 1515 times
152 1467 231 1526 velim,
243 1483 281 1516 me
292 1469 447 1518 antelaturum
457 1468 568 1529 fuisse,si
582 1467 612 1515 ad
622 1483 661 1515 me
671 1467 746 1533 mids-

74 1547 118 1590 ses,
135 1532 276 1580 voluntatem
287 1542 352 1580 tuam
365 1532 491 1580 commodo
498 1547 558 1581 meo.
581 1532 624 1579 Ad
639 1547 675 1590 es,
693 1546 745 1596 qma

74 1597 191 1660 scripsisti,
203 1597 344 1645 commodius
353 1597 459 1662 equidem
465 1612 555 1660 possem
566 1595 595 1644 de
606 1595 705 1659 singulis
714 1594 744 1643 nd

74 1669 98 1710 te
108 1664 176 1709 rebus
186 1662 291 1717 scribere,
303 1661 322 1709 si
332 1661 369 1708 Μ.
382 1661 484 1720 Tullius,
499 1660 574 1709 'scriba
588 1675 665 1720 meus,
679 1659 744 1709 ados-

74 1733 117 1783 set,
128 1725 158 1772 de
184 1741 215 1772 uo
230 1725 289 1771 mihi
299 1725 444 1787 exploratum
455 1733 497 1785 est,
510 1724 535 1773 in
545 1724 674 1773 rationibus
684 1723 744 1773 dum

74 1795 161 1836 mxatr
184 1788 279 1845 suendis,
292 1788 332 1898 §de
343 1789 427 1836 esteris
437 1792 505 1837 rebus
511 1788 626 1836 affinnare
634 1803 682 1837 non
693 1802 745 1852 pos-

74 1861 138 1910 sum)
149 1851 208 1899 nihil
222 1867 276 1898 eum
302 1851 370 1899 scisse
386 1853 502 1911 scientem,
514 1853 577 1916 quod
593 1862 652 1902 esset
667 1860 745 1907 coutsa

71 1923 115 1963 aut
125 1930 174 1962 rem
185 1923 225 1963 aut
236 1915 426 1965 existimationem
433 1926 513 1965 tuam:
525 1916 588 1974 dein,
597 1916 617 1964 si
628 1916 744 1969 rationum

73 1978 243 2028 referendarum
262 1981 300 2040 jus
318 1989 382 2029 vetus
395 1989 419 2028 et
435 1997 486 2031 mos
502 1980 611 2044 antiquus
630 1991 744 2040 maneret,

72 2058 111 2091 me
125 2045 252 2092 relaturum
263 2045 369 2105 canones,
380 2045 425 2095 nisi
439 2054 515 2097 tecum
531 2060 574 2108 pro
584 2045 746 2106 conjunctione

74 2114 164 2218 nostrfae·
182 2108 354 2158 necessitudinis
375 2110 521 2159 contulissem
541 2108 744 2174 confecissemque,

73 2185 120 2219 non
142 2187 208 2220 mssa

106 2235 178 2294 Quod
195 2237 266 2299 igitiu
283 2237 385 2286 fecissem
403 2239 433 2287 ad
450 2238 548 2296 Urbem,
571 2237 744 2289 siconsuetudo

72 2298 170 2363 pristina
179 2311 289 2360 maneret,
306 2302 338 2361 id,
355 2318 409 2351 cum
424 2303 475 2365 lege
485 2303 553 2350 Julit
566 2302 696 2366 relinquere
706 2318 743 2351 ra·

71 2364 145 2413 tiones
154 2364 179 2412 in
190 2366 306 2427 provincio
316 2382 406 2415 necesse
421 2375 477 2426 erat,
496 2367 633 2429 easdemque
646 2367 743 2419 totidem

72 2429 147 2477 verbis
158 2430 240 2480 referre
255 2429 284 2481 ad
295 2430 409 2489 aerarium,
420 2430 464 2481 faci
474 2432 498 2481 in
509 2430 633 2494 provincia
658 2431 744 2494 Neque

68 2493 166 2558 itsfeci,
177 2504 204 2541 ut
217 2501 239 2541 te
255 2493 285 2541 cd
299 2509 378 2543 mcum
394 2493 514 2547 arbitiium
531 2495 685 2543 adducerem:
702 2494 742 2545 sed

69 2558 142 2620 tribui
155 2559 197 2608 tibi
207 2566 307 2618 nautum,
318 2567 431 2627 quantum
442 2575 481 2608 me
492 2559 606 2620 tribuisse,
618 2573 741 2623 uunquam
