1650 2948
106 151 151 198 no
227 149 276 197 nn
293 148 469 203 nmmsos.
487 148 548 199 nm.
561 147 592 197 v.
613 148 649 198 1o.

170 280 237 337 (m.)
253 277 290 325 n.
309 276 436 325 cmnno
454 278 478 326 s.
490 276 522 324 n.
539 276 570 325 n.
587 275 707 325 mmo.

139 408 332 468 (Argumentum.
339 432 371 441 -
378 406 408 453 Τ.
418 406 527 464 Fadium,
532 405 620 466 jndicio
628 404 771 462 (lemmatum,

107 481 130 520 et
139 473 190 519 ideo
205 472 315 528 exsulem,
331 471 459 517 consolatur
475 488 489 518 a
505 471 597 517 misens
612 469 739 525 communi,
752 477 774 515 et

107 537 189 583 virtute
200 532 298 598 proprisi,
310 549 397 580 necnon
409 552 423 581 a
431 534 557 582 commodis
568 534 650 591 exsilii,
663 533 774 597 quolibet

107 601 137 649 sit
147 602 176 647 ab
187 597 372 663 impendentibus
386 599 469 655 malis;
486 598 579 651 tandem
595 601 625 646 ab
641 597 775 647 innocentie

108 664 254 713 testimonios
271 663 356 727 quibus
367 677 409 710 ene
422 663 528 725 adjungit
537 661 630 721 officis.)

141 792 194 843 Etsi
204 801 302 857 egomet,
316 793 357 857 qui
374 800 396 840 ee
415 791 525 841 consolari
535 790 611 854 cupio,
623 789 775 841 consolandus

109 857 118 905 i
134 873 158 906 se
168 873 230 917 snm,
241 866 360 922 propterea
370 856 432 920 quod
444 856 533 904 nullam
549 871 599 904 rem
613 855 707 919 gravius
715 856 776 916 jem·

109 874 150 971 AEu
163 923 207 970 tuli
218 937 289 986 quem
299 921 471 971 incommodum
484 929 568 977 tuume
586 928 665 968 temen
677 928 701 968 te
711 932 777 981 meg·

109 1001 194 1050 nopere
204 1001 251 1035 non
258 987 336 1035 hortor
346 986 431 1042 solum,
443 985 482 1035 sed
492 984 570 1052 etiem,
582 999 715 1048 proemore
724 997 777 1033 nos·

109 1059 153 1108 tro,
163 1066 218 1112 rogo
225 1058 294 1112 atque
300 1065 348 1107 oro,
357 1059 379 1096 te
385 1050 487 1111 colligas,
494 1049 616 1112 virumque
623 1051 735 1111 praebees,
746 1055 777 1106 et,

108 1114 157 1176 quis
168 1114 296 1160 conditione
309 1125 390 1160 omnes
402 1113 514 1174 homines,
527 1121 550 1163 et
568 1113 653 1175 quibus
666 1111 776 1224 temdpori-

106 1177 150 1227 bus
163 1177 212 1224 neti
228 1177 307 1234 simus,
324 1176 415 1238 cogites.
439 1177 497 1224 Plus
512 1177 555 1225 tibi
570 1176 642 1225 virtus
652 1185 694 1224 tun
721 1176 776 1236 edin,

107 1255 178 1303 quem
188 1240 281 1289 fortuna
297 1240 406 1297 abstulit;
423 1249 543 1304 propterea
555 1240 618 1303 quod
634 1240 732 1304 adeptus
742 1255 773 1300 ec,

104 1304 169 1367 quod
179 1318 225 1351 non
236 1303 305 1351 multi
318 1304 422 1353 homines
433 1305 502 1360 novi;
519 1305 623 1363 amisisti,
637 1321 692 1368 qun
701 1304 775 1369 plmi·

107 1369 141 1415 mi
151 1368 255 1416 homines
265 1368 408 1417 nobilissimi.
432 1371 470 1418 Ea
480 1369 579 1432 denique
589 1368 680 1419 videtur
696 1368 775 1419 condi·

49 1481 52 1485 ,
106 1433 138 1480 tio
148 1432 280 1495 impendere
286 1433 374 1495 legum,
384 1433 531 1494 judiciorum,
543 1443 684 1497 temporum,
695 1442 724 1483 ut
733 1449 775 1498 op·

105 1497 163 1546 time
173 1506 250 1545 ectum
258 1513 312 1547 cum
319 1513 345 1546 eo
356 1497 459 1546 sidentur
467 1514 522 1557 esee,
532 1498 573 1561 qui
581 1497 775 1562 quamlevissims

104 1562 173 1626 poenl
183 1564 213 1609 ab
223 1562 267 1610 hec
276 1562 393 1626 republicis
403 1563 534 1611 discesserit.

139 1627 179 1674 Tu
192 1641 254 1685 vero,
267 1627 308 1689 qui
319 1635 341 1674 et
351 1626 454 1680 fontunes
465 1634 487 1674 et
497 1627 579 1675 liberos
589 1627 683 1688 hebens,
695 1636 719 1676 et
732 1642 773 1678 nos

105 1699 241 1753 ceterosque
253 1689 417 1739 necessitudine
427 1699 451 1738 et
460 1690 618 1740 benevolentis
627 1698 706 1741 tecum
721 1706 773 1742 con·

102 1755 271 1816 junctissimos:
284 1753 370 1816 quiquo
378 1770 488 1816 magnam
495 1754 628 1805 facultatem
638 1756 670 1805 eis
680 1756 774 1806 habitu·

104 1833 144 1866 rus
155 1816 273 1865 nobiscum
284 1825 307 1864 et
317 1832 369 1865 cum
379 1819 485 1866 omnibus
494 1820 540 1867 tuis
550 1819 657 1878 vivendi3
675 1829 707 1881 et,
719 1835 772 1871 eum

105 1896 180 1933 unum
188 1881 218 1928 sit
225 1880 339 1940 judicium
350 1897 379 1928 ex
390 1891 437 1932 tem
449 1884 537 1942 multis,
549 1884 613 1947 quod
620 1885 773 1949 reprehende·

103 1951 149 2004 tur,
160 1954 189 1992 ut
202 1944 264 2008 quod
278 1943 325 1993 uni
342 1947 461 2005 sententis,
478 1948 550 2011 eique
566 1947 647 2005 dubie,
665 1949 774 2012 potentin

104 2009 201 2068 alicujus
217 2009 371 2062 condonatum
388 2011 545 2068 existimetnr3
562 2014 671 2063 omnibns
686 2014 725 2063 his
743 2013 772 2065 (le

103 2073 178 2121 causis
188 2073 256 2121 debes
267 2073 334 2122 istem
348 2075 476 2125 molestiam
490 2092 560 2139 quem
573 2077 690 2127 lenissime
706 2078 773 2127 ime.

104 2136 175 2185 Meus
185 2136 275 2186 animus
286 2138 389 2189 eritinte
394 2140 522 2203 liberosque
528 2149 580 2191 tuos
590 2157 688 2205 semper,
701 2157 772 2207 quem

103 2209 129 2250 tu
140 2215 189 2250 esse
199 2201 242 2261 vis,
251 2203 323 2266 etqui
334 2218 382 2252 esse
392 2203 466 2252 debet.
483 2205 549 2254 Vale

154 2376 157 2381 ’
233 2357 235 2360 ⁴
262 2393 331 2450 <ms
349 2394 476 2444 cicino
492 2397 594 2447 nnio,

128 2522 472 2586 (Argumentum-Pompeio
481 2525 550 2573 Italis
558 2526 633 2589 pulso,
641 2526 770 2575 Mescinius

90 2584 181 2644 mnes,
195 2587 311 2637 Ciceronis
323 2595 390 2636 antea
400 2597 499 2653 quaestor
510 2589 534 2636 in
550 2591 676 2652 provincii,
687 2591 712 2638 in
723 2592 769 2638 illi-

80 2664 115 2708 ns,
131 2661 261 2720 tamqnam
273 2655 421 2724 reipublicae,
439 2664 515 2705 essem
523 2653 630 2714 simine,
641 2669 692 2703 non
702 2656 770 2716 olene
