1650 2948
95 165 144 213 ³³8
208 162 259 211 AD
276 156 456 210 Dlvuusos.
475 157 533 207 hro.
547 156 596 207 XI.
616 157 656 204 lt.

97 292 185 356 genties
195 290 302 355 amplius.
320 289 426 364 'lantum
435 288 509 347 abest,
519 293 549 334 ut
559 301 621 363 mess
631 284 666 332 rei
675 284 763 364 lanulis:

98 357 129 405 ris
139 357 239 405 liberum
252 356 282 402 sit
292 354 430 418 quidquam,
441 359 468 399 ut
482 365 564 398 omnes
580 364 633 411 Jam
645 365 707 397 meos
715 367 766 400 ans·

99 436 137 469 eos
154 437 198 469 oere
215 420 290 467 alieno
307 416 475 466 obstrinxerim.
500 416 632 478 Septenum
649 428 763 464 numerum

101 483 188 549 [nune]
200 483 318 548 legionum
328 483 382 538 alo;
400 481 448 544 qul
462 479 608 536 difficultate,
620 486 648 526 tu
659 478 765 528 arbimre

100 550 126 596 N
127 564 165 608 on,
178 549 197 596 si
208 548 318 597 Varronis
328 547 445 595 thesauros
454 544 574 604 habeam,
582 543 706 592 subsistere
712 560 768 594 nnn·

101 620 137 660 tm
157 692 197 724 um
214 645 317 740 primum
335 674 364 724 rs
376 673 481 721 Anonro
497 671 651 747 expressura
666 671 768 750 masas

103 740 356 790 faeiamtecertiorem.
372 735 770 793 Tumeamabrsrmrhoordfln

103 804 293 919 ffifaoere
306 803 407 853 senseris
424 802 467 850 111
482 801 548 848 Non.
560 799 633 862 Maii,
650 815 681 850 ex
691 805 771 867 eamn,

119 1051 189 1115 (ιι.)
212 1052 245 1101 n.
263 1051 410 1110 saurus,
428 1050 502 1100 mir.
519 1049 592 1102 cos
607 1049 685 1103 nus
701 1051 768 1104 su.

322 1115 361 1164 Μ.
379 1113 559 1166 crcnnouu

141 1244 475 1306 (Argumentum-Memor
484 1244 657 1294 meritorumin
666 1246 781 1296 secianu-

104 1309 156 1369 nis,
174 1309 217 1356 iter
230 1310 330 1356 Antonii
348 1309 378 1357 ad
395 1309 521 1372 Lepidum,
540 1308 690 1375 dubiamque
709 1309 783 1361 Planci
818 1310 821 1369 !

111 1373 190 1435 fidem,
201 1382 224 1421 et
235 1389 305 1422 suum
315 1375 340 1420 in
351 1373 517 1437 rempublicam
529 1373 645 1436 studium,
655 1372 782 1440 signifieat.)
817 1392 821 1429 ι

146 1502 237 1551 Eodem
249 1503 356 1566 exemplo
363 1518 377 1549 a
383 1510 406 1550 te
412 1502 470 1549 mihi
478 1501 550 1549 literae
557 1501 658 1552 redditae
669 1514 733 1566 sunt,
744 1519 783 1571 quo
815 1498 820 1509 '

114 1568 182 1632 pueri
192 1569 239 1615 mei
250 1568 383 1615 attulerunt.
404 1567 509 1614 Tantum
522 1581 561 1613 me
574 1567 619 1614 tibi
631 1568 720 1619 debere
733 1571 784 1619 exis·

114 1633 181 1691 timo,
199 1640 313 1695 quantum
328 1631 455 1695 persolvere
469 1630 560 1678 difficile
577 1639 620 1677 est.
642 1634 732 1698 Scripn
741 1635 784 1692 nbi
815 1644 821 1703 ι’

132 1713 169 1744 uae
188 1696 227 1742 hle
244 1703 382 1758 gererentur.
406 1695 437 1741 In
455 1695 536 1742 itinere
553 1703 588 1742 est
605 1695 784 1747 Antoniusrsl
814 1718 821 1791 1

169 1760 233 1806 idum
249 1758 412 1822 proficiscitur;
429 1773 459 1806 ne
473 1759 502 1807 de
512 1758 601 1806 Planco
601 1761 718 1870 Βἓιιὶιὶειιι
730 1778 785 1828 spen
814 1796 821 1817 .;

117 1824 194 1871 adhuc
204 1822 295 1883 abjecit,
306 1830 334 1873 ut
343 1837 373 1870 ex
381 1822 465 1870 libellis
475 1825 525 1884 ejus
535 1823 599 1870 anim
633 1828 703 1887 verti,
715 1828 785 1893 quiin
818 1840 821 1871 :

118 1902 157 1934 me
173 1886 318 1943 inciderunt3
335 1885 360 1932 in
378 1887 463 1949 quibus
477 1902 534 1950 quos
548 1886 579 1934 ad
594 1888 722 1950 Asinium,
738 1907 787 1957 quus
819 1904 821 1909 '

119 1949 149 1997 ad
160 1949 288 2012 Lepidum,
302 1965 361 2013 quos
371 1951 401 1997 sd
415 1952 528 1998 Plancum
542 1951 656 2011 mitteret,
676 1957 786 2005 scribebat.
819 2002 821 2013 ¹

120 2013 173 2076 Ego
179 2022 257 2060 tamen
264 2029 311 2061 non
319 2015 391 2062 habui
398 2017 534 2078 ambiguum
544 2031 551 2072 ;
564 2025 588 2063 et
595 2018 678 2066 statim
686 2021 718 2067 ad
727 2022 788 2069 Plan·
815 2016 818 2025 '

120 2093 174 2126 eum
187 2077 255 2124 misi:
273 2086 296 2126 et
308 2078 380 2126 biduo
391 2081 421 2127 ab
431 2079 607 2142 Allobrogibus,
620 2090 645 2128 et
657 2084 730 2133 totius
741 2085 788 2135 Gal·

121 2141 168 2216 lius,
183 2142 272 2203 legatos
282 2151 397 2206 exspecto,
414 2159 472 2207 quos
488 2144 635 2192 confirmatos
649 2147 750 2198 domum
762 2166 789 2200 re

123 2214 224 2254 mittam.

155 2270 204 2327 Tu,
216 2285 269 2332 quas
279 2269 330 2318 istic
339 2286 398 2334 opus
408 2281 476 2319 erunt
485 2271 651 2333 administrari,
666 2280 789 2344 prospici&

124 2342 151 2382 ut
164 2349 193 2382 ex
209 2335 250 2380 tub
261 2334 378 2383 voluntate
391 2336 469 2399 reique
485 2336 584 2398 publiooe
597 2343 726 2392 commodo
736 2345 790 2395 fiant.

125 2397 295 2447 Malevolentiae
305 2399 428 2446 hominum
438 2401 462 2447 in
475 2416 523 2461 me,
538 2400 558 2448 si
572 2403 667 2463 poteris,
679 2422 791 2457 occurres:

125 2463 202 2510 sinsus
218 2462 326 2525 potueris,
341 2463 385 2511 hoo
395 2466 547 2524 oonsolabere,
561 2465 625 2527 quod
642 2482 682 2515 me
697 2471 728 2521 (le
744 2483 794 2522 stam

125 2543 178 2574 meo
189 2526 260 2574 nullis
270 2528 414 2576 oontumeliis
420 2527 531 2576 deterrere
539 2539 644 2592 possunt.
662 2533 747 2587 Pridie
753 2539 794 2588 No.

126 2607 169 2643 nus
181 2591 253 2655 Maii,
264 2606 296 2642 ex
305 2593 393 2653 matris,
400 2593 485 2642 linibus
495 2593 687 2645 Statiellensium.
