1650 2948
94 150 143 197 iao
214 149 265 197 AD
282 148 459 199 DIVERSOS.
477 149 539 197 1113.
551 148 583 198 V·
603 148 641 195 ll.

92 279 137 338 sio,
149 289 190 327 tuo
200 279 319 343 discipulo,
332 279 351 326 si
361 279 419 327 forte
434 295 461 327 ea
475 293 510 326 res
524 277 609 342 poterit
624 273 764 324 adversarios

93 343 188 404 fugare:
206 344 230 391 in
247 359 274 392 eo
289 343 392 391 maxima
408 358 458 406 spes
474 352 515 391 est.
539 343 599 400 Nos,
616 339 708 403 siquid
722 339 765 387 erit

94 407 145 456 istic
155 424 221 471 opus,
233 408 347 455 defendes.

127 473 204 520 Caesar
219 473 293 520 adhuc
309 471 367 518 mihi
381 472 490 532 injuriam
507 471 575 518 facite
593 468 622 517 de
635 467 695 516 meis
709 483 764 532 sup-

92 537 263 598 plicationibus,
277 545 299 583 et
315 538 383 583 rebus
394 537 462 599 gestis
474 535 618 594 Dalmaticis,
630 533 707 581 adhue
716 548 763 580 non

93 600 178 648 refert:
196 601 262 664 quasi
274 616 327 648 vero
343 615 389 647 non
402 600 523 661 justissimi
537 598 652 661 triumphi
666 597 692 643 in
703 597 764 645 Du-

94 664 167 712 matie
180 681 216 712 res
226 665 341 727 gesserim.
361 665 434 723 Nam,
447 664 466 711 si
475 664 519 711 hoc
530 661 710 726 exspectandum
720 669 763 721 ees,

94 727 151 775 ‹lum
168 738 243 776 totum
259 730 348 777 bellum
367 728 493 787 conficiam,
511 727 593 790 viginti
609 724 696 788 oppida
710 733 765 773 sunt

94 791 219 841 Dalmatiae
235 794 346 858 antiqua3
364 809 416 857 quae
431 793 481 856 ipsa
497 792 541 840 sibi
555 789 700 839 adsciverunt
713 800 765 837 sm;

93 856 156 920 plius
173 858 298 921 sexaginta.
318 858 377 906 Haeo
392 857 436 904 nisi
451 856 529 905 omnia
542 869 659 918 expugno,
670 854 692 901 si
705 852 765 902 mihi

94 923 270 986 supplicationes
278 938 324 970 non
335 922 495 981 decernuntur,
502 922 570 983 longe
580 917 625 968 alii
635 917 766 966 eondiuone

87 1001 138 1050 -ego
148 1002 210 1047 sum,
221 1003 248 1079 ap
258 987 332 1036 caseri
342 988 496 1078 imperptores.
583 1048 597 1076 .

127 1113 188 1177 Ego,
200 1124 251 1177 post
261 1114 438 1178 supplicationes
448 1114 507 1161 mihi
515 1114 623 1171 decretas,
634 1112 659 1160 in
666 1111 768 1163 Dumn-

94 1177 151 1224 tiam
162 1179 276 1240 profectus
287 1194 353 1225 sum:
367 1194 407 1226 sex
418 1178 532 1242 oppidavi
540 1177 697 1241 oppugnando
706 1177 765 1240 sepi.

94 1241 176 1289 Unum
186 1243 238 1298 hos,
251 1242 314 1306 quod
325 1250 373 1290 erat
387 1243 526 1301 maximum,
542 1250 623 1306 quater
637 1251 700 1289 ame
714 1242 766 1302 jam

93 1315 202 1368 captum:
217 1316 316 1370 quatuor
323 1307 386 1354 enim
396 1319 469 1354 turres
477 1315 500 1354 et
506 1315 605 1370 quatuor
614 1321 695 1354 muros
705 1304 765 1369 oepi,

94 1377 118 1416 et
132 1385 207 1418 areem
221 1386 301 1419 eorum
317 1380 406 1427 totame
426 1387 455 1418 ex
468 1371 516 1434 qui
530 1387 569 1418 me
583 1370 656 1429 nives,
670 1370 765 1433 frigora,

94 1432 187 1492 imbres,
203 1435 364 1484 detruseruntz
382 1435 529 1498 indigneque,
545 1435 580 1482 mi
594 1434 682 1492 Cioem,
699 1434 767 1498 oppi-

78 1497 152 1565 'dum
166 1508 268 1563 captum,
286 1509 309 1548 et
320 1500 409 1548 bellum
423 1501 473 1560 jam
488 1499 625 1556 oonfeotum,
637 1497 766 1562 relinquare

94 1578 148 1610 sum
158 1574 255 1614 oosotus.
280 1566 360 1624 Quare
375 1573 398 1612 te
411 1579 474 1627 rogo,
486 1563 507 1611 si
517 1580 575 1626 opus
585 1563 636 1621 erit,
647 1562 678 1610 ad
689 1563 766 1611 Gesa-

92 1641 144 1675 -rem
154 1644 232 1677 meam
244 1645 336 1678 caumm
350 1644 413 1691 agas,
429 1643 513 1691 meque
524 1628 567 1676 tibi
581 1628 605 1674 in
621 1641 702 1676 omnes
711 1643 767 1690 par·

94 1698 129 1739 tes
145 1692 315 1741 defendendum
330 1701 411 1754 putes3
428 1693 472 1740 hoc
488 1692 629 1751 existimans,
646 1691 764 1739 neminem

93 1761 117 1802 te
127 1756 162 1802 tui
172 1759 322 1805 amentiorem
332 1757 422 1805 habere.
440 1757 507 1805 Vale.
515 1757 579 1806 Data
588 1757 614 1803 N
614 1770 652 1804 on.
664 1755 764 1806 Deoem·

90 1818 185 1880 -bribus,
197 1821 300 1869 Neroni·

93 2006 164 2067 (ll.)
180 2006 510 2127 M.T.c.r.vng111)uo‚
526 2014 764 2078 IMPERATORI,

128 2200 506 2271 (Argumentum-Respondet
522 2209 631 2272 epistole,
648 2225 702 2273 quae
717 2224 765 2260 nm

92 2272 176 2339 entes,
183 2266 300 2316 laudando
310 2279 403 2332 grstum
413 2273 535 2330 animum3
547 2281 571 2320 et
580 2273 685 2321 studium
695 2290 765 2323 suum

93 2342 170 2389 uxon,
182 2345 253 2406 quam
268 2335 475 2410 commendaverat,
490 2352 538 2385 non
550 2337 686 2386 defuturum
697 2339 765 2402 polli-

87 2394 257 2521 ffifflpt
267 2397 296 2445 de
306 2397 419 2462 Dionysio
429 2400 543 2464 fugitiv03
560 2409 583 2450 et
595 2417 637 2466 spe
650 2402 764 2467 triumphi

116 2585 197 2660 ‘Grau
215 2589 257 2639 tibi
275 2603 329 2640 mes
347 2554 487 2643 esse-nill-sia
500 2608 547 2643 uon
559 2562 648 2644 miror:
667 2596 764 2659 cognovi

50 2668 52 2673 ·
68 2661 145 2701 »mm
159 2662 185 2705 ta
199 2656 367 2722 gulissimum
377 2658 504 2712 omniunt
515 2658 767 2726 iiquenuunuamis·
