1650 2948
111 148 127 193 ⁰
223 145 273 192 AD
290 145 467 194 DIVERSOS.
483 145 544 193 Lru.
554 144 586 195 V.
603 144 629 201 7.

101 273 206 332 dereturr
223 290 365 339 quamquam
380 275 447 322 illum
462 275 581 323 hominem
594 272 659 339 frugi
668 283 692 325 ot
701 272 745 325 tibi

97 340 176 388 nicum
192 340 359 398 existimabam,
374 349 460 398 tamen,
475 339 538 404 quod
554 338 667 389 memorid
681 349 743 391 tene-

92 419 139 463 am,
154 404 282 464 cujusmodi
299 404 329 450 ad
346 420 384 451 me
398 405 474 450 literas
491 412 559 452 antea
574 404 682 465 misisses,
696 420 743 454 non

86 469 129 516 etis
139 469 222 516 credidi
233 468 322 515 homini
337 467 480 532 [prudenti],
492 478 540 516 tam
551 468 618 516 valde
633 485 682 518 esse
690 485 745 517 mu-

81 542 147 581 ntem
157 533 298 581 voluntatem
308 542 381 580 tuam.
404 533 449 580 Sed
459 542 610 596 posteaquam
624 543 647 581 et
658 534 744 582 Come-

76 597 107 645 lia
116 606 158 645 tua
167 596 299 645 Terentium
314 598 427 653 convenit,
443 606 466 645 et
477 613 519 660 ego
529 613 583 644 cum
594 598 626 657 Q.
637 598 743 647 Cornelio

74 662 164 711 locutus
180 677 251 719 sum;
274 662 370 710 adhibui
386 661 536 722 diligentiam,
553 663 745 728 quotiescumque

73 735 165 774 senatus
179 726 233 785 fuit,
244 734 272 774 ut
282 727 401 784 adessem3
418 726 592 789 plurimumque
607 727 632 774 in
645 743 674 775 eo
688 743 745 791 neg-

74 791 116 839 otii
125 791 206 849 hebui,
223 800 250 839 ut
260 792 292 852 Q.
304 791 408 849 Fufium,
415 791 535 838 tribunum
546 791 629 853 plebis,
644 800 668 839 et
678 801 746 841 orete-

74 871 120 915 ros,
131 856 161 905 sd
172 872 229 921 quos
246 864 272 904 tu
285 857 412 919 scripseras,
423 869 526 918 cogerem
539 855 617 918 potius
627 856 687 905 mihi
697 872 746 906 cre-

74 921 136 980 dere,
148 937 218 986 quem
230 922 276 969 tuis
286 921 364 969 literis.

106 986 212 1034 Omnino
229 1002 264 1033 res
282 994 331 1033 tota
347 986 371 1032 in
387 999 490 1032 mensem
504 983 647 1033 «Ianuarium
662 985 746 1046 rejecta

75 1060 139 1105 eret;
156 1050 195 1097 sed
209 1050 276 1097 facile
290 1050 441 1097 obtinebatur.
463 1049 523 1112 Ego,
538 1047 579 1095 tui
592 1049 747 1112 grstrtbtione

74 1122 210 1169 commotus,
227 1112 290 1176 quod
309 1113 339 1160 ad
353 1129 391 1160 me
403 1113 493 1176 pridem
509 1113 637 1176 scripseras,
648 1114 708 1163 velle
722 1122 745 1162 te

73 1179 132 1225 bene
143 1192 239 1234 evenne,
252 1176 315 1240 qnod
325 1177 353 1224 de
368 1177 450 1225 Crasso
465 1178 560 1225 domum
571 1192 688 1238 emissem,
698 1193 744 1226 emi

74 1256 126 1290 sem
136 1241 210 1304 ipsam
222 1241 317 1288 domum
332 1241 454 1305 quinquies
470 1241 552 1296 tricies,
564 1242 684 1317 aliquanto
693 1251 745 1306 post

74 1313 139 1353 tuam
150 1305 334 1368 gratulationem.
352 1304 435 1381 Itaque
448 1320 511 1353 nunc
526 1321 565 1353 me
580 1315 638 1355 serto
652 1315 743 1355 mamm

74 1369 159 1418 hebere
169 1370 219 1418 reris
227 1369 304 1427 alieni,
313 1379 340 1418 ut
351 1386 442 1432 cupiam
453 1371 579 1431 conjurare,
589 1371 608 1418 si
619 1372 743 1435 quisquam

74 1435 184 1499 recipiat:
202 1435 241 1482 sed
251 1435 334 1498 purtim
350 1435 402 1482 odio
414 1435 511 1494 inducti,
525 1449 565 1482 me
575 1435 711 1496 excludunt,
721 1443 744 1485 et

74 1509 151 1564 aperte
162 1499 275 1548 vindicem
286 1499 446 1561 conjurationis
462 1499 576 1556 oderunt3
593 1501 679 1562 partim
697 1514 743 1548 non

75 1565 186 1623 eredunt;
204 1572 227 1612 et
240 1581 254 1612 a
266 1580 306 1613 me
319 1564 412 1612 insidias
426 1571 549 1617 metuente
567 1578 609 1612 neo
621 1573 706 1628 putant
722 1564 743 1613 ei

74 1642 184 1678 nummos
198 1629 274 1676 deesse
290 1644 363 1692 posse,
375 1628 416 1692 qui
429 1644 458 1676 ex
470 1627 587 1676 obsidione
599 1628 743 1678 feneratores

75 1694 192 1741 exenterit.
207 1693 311 1741 Omnino
322 1692 453 1740 semissibus
463 1705 549 1755 magne
558 1692 624 1755 eopia
634 1700 684 1741 est:
700 1707 743 1756 ego

74 1765 161 1816 autem,
173 1757 230 1804 meis
241 1758 308 1804 rebus
322 1755 400 1819 gestis,
411 1757 456 1805 hoc
466 1771 518 1804 sum
528 1765 653 1818 mactatus,
663 1766 692 1806 ut
701 1760 742 1807 bo·

73 1832 132 1867 num
143 1834 226 1868 nomen
237 1820 360 1867 existimer.

82 1900 84 1907 ·
106 1883 212 1931 Domum
229 1891 295 1931 tuam
307 1893 377 1949 atque
393 1884 565 1933 aedificationem
581 1900 676 1934 omnem
690 1901 742 1950 per·

73 1948 146 2011 spesi,
163 1956 186 1995 et
201 1948 346 1997 vehementer
360 1950 462 2012 probavi.
482 1949 623 2008 Antonium,
635 1950 678 1998 etsi
694 1952 742 2012 ejus

73 2011 98 2060 in
108 2027 147 2060 me
157 2012 231 2061 officia
240 2028 320 2061 omnes
330 2013 466 2073 desiderant,
474 2023 551 2061 tamen
560 2014 585 2060 in
597 2023 679 2062 senatu
690 2031 742 2079 gre·

73 2075 164 2124 vissime
180 2093 207 2126 ec
221 2077 395 2140 diligentissime
409 2078 517 2134 defendi3
535 2087 687 2142 senatumque
702 2094 741 2127 ro·

72 2140 191 2189 hmrenter
202 2143 303 2190 oratione
318 2142 371 2190 mel
385 2151 455 2205 atque
474 2142 606 2190 auctoritate
620 2143 742 2193 oommori.

72 2204 113 2253 Tu
124 2205 154 2253 ad
164 2221 203 2254 me
212 2206 281 2255 velim
292 2207 368 2255 literas
378 2206 477 2256 erebrius
485 2208 570 2254 mittas.
587 2206 656 2256 Vale.

72 2390 127 2453 (7.)
137 2389 175 2440 Μ.
180 2390 211 2440 Τ.
219 2390 288 2441 ΜΞ.
296 2386 423 2444 CICERO
434 2396 458 2444 S.
463 2394 497 2443 D.
506 2393 559 2443 GN.
569 2388 738 2453 POMPEIO,

152 2455 208 2506 CN.
217 2457 246 2505 F.
263 2458 402 2520 MAGNO,
421 2457 656 2508 IMPERATORI·

98 2586 452 2654 (Argumentum—Pompeio
464 2588 494 2636 de
507 2586 601 2637 victorii
614 2584 732 2635 Mithrido

54 2649 100 2699 Μ
115 2656 275 2720 graminum
300 2664 393 2720 contre,
409 2653 456 2706 sibi
466 2653 538 2701 illum
550 2653 581 2700 de
593 2650 727 2710 muratam
