1650 2948
185 155 235 204 An
251 155 429 207 Dlvnttsos.
447 158 507 205 Iun.
519 157 580 205 vlt.
597 158 636 202 20.
697 155 742 200 201

78 283 177 331 conscidi
188 286 330 335 innocentem
340 307 346 335 z
364 290 421 335 nihil
433 289 494 335 eninr
508 287 614 342 habebat,
627 283 689 346 quod
700 299 746 329 non

77 348 115 394 vel
126 349 151 394 in
166 351 271 399 concione
287 362 345 399 recte
359 354 404 415 legi
419 362 500 416 posset.
525 351 571 399 n'ed
586 359 608 396 et
619 349 747 394 Arruntius

77 411 111 458 ite
120 420 142 460 te
152 415 273 464 inaudisse
284 417 366 476 aiebat,
374 427 397 464 et
407 427 433 465 tu
444 416 599 479 adscripseras.
617 414 707 461 Verum
718 412 747 457 il-

77 474 121 524 lud
134 486 196 526 esto:
214 479 273 528 nihil
286 490 309 528 te
323 481 352 528 eri
366 497 404 529 me
416 489 495 545 postea
509 479 624 543 scripsisse
638 475 747 536 demiror,

76 542 204 606 presertim
214 551 263 592 tun
273 545 339 594 novis
348 547 423 593 rebus.
442 546 510 595 Vole-

183 672 252 738 (ro.)
270 675 397 726 cronno
413 672 597 725 rnnnnno
613 675 639 722 s

114 801 466 880 (Argumentum-Antonio,
479 812 532 868 post
546 800 642 876 Cressris
658 816 749 860 necem,

79 867 753 995 &efflabittnbbff’rttttttitbbt:

79 991 203 1057 pinorum”
217 997 304 1045 librum
321 999 364 1046 scri
381 999 424 1054 sit;
443 1012 542 1060 eumque
560 993 669 1042 Trebatio
686 993 752 1040 misit

79 1059 113 1106 ab
123 1059 222 1123 Rhegio,
232 1061 274 1110 ubi
284 1071 307 1109 et
317 1062 353 1110 hae
362 1015 435 1110 iiterae
444 1069 499 1110 sunt
509 1061 577 1123 dure,
588 1059 618 1107 de
625 1074 670 1107 usu
680 1066 703 1106 et
713 1058 752 1104 in-

80 1125 242 1188 terpretatione
252 1127 302 1189 ejus
312 1125 367 1174 libri
377 1125 501 1188 docentes)

95 1220 97 1229 Ι
116 1250 187 1313 Vide,
203 1255 283 1318 quenti
295 1254 359 1319 opud
372 1219 471 1310 nisti„
487 1254 530 1302 etsi
541 1254 594 1315 jure
604 1252 629 1300 id
639 1251 754 1316 quidemr

82 1329 132 1364 non
142 1317 205 1365 enim
215 1328 239 1366 te
249 1334 326 1368 amore
336 1319 409 1367 vinco.
426 1321 603 1375 Verumtamen,
618 1317 681 1380 quod
691 1332 753 1379 prn-

83 1380 143 1428 oenti
160 1381 203 1429 tibi
236 1398 291 1447 rope
305 1386 465 1446 subnegarem,
480 1397 526 1430 non
542 1382 665 1430 tribuerem
683 1388 754 1439 certe,

82 1443 110 1492 id
120 1446 209 1494 absenti
217 1399 298 1496 iebere
308 1462 354 1495 non
365 1448 438 1511 potui.
454 1448 545 1558 Inepte,
557 1453 584 1492 ut
594 1445 697 1508 primum
704 1445 756 1493 Ve-
810 1453 814 1465 ’

72 1507 118 1557 tit
135 1510 243 1574 navigare
263 1512 329 1586 coepi,
348 1511 438 1560 institui
456 1514 474 1540 ‘⁶
514 1509 595 1584 opice”
612 1507 755 1556 Aristoteles
787 1500 805 1583 If

84 1573 233 1634 wnscribere,
247 1578 277 1624 eb
292 1576 343 1640 ipsit
355 1579 412 1624 urbe
422 1583 583 1631 commonitus,
595 1570 756 1619 mauricino
772 1590 787 1638 f

85 1637 128 1685 tui.
145 1639 210 1686 Eum
221 1640 307 1688 librum
318 1640 360 1688 tibi
374 1641 428 1688 misi
438 1639 538 1702 Rhegio,
550 1637 669 1699 scripturn,
680 1649 753 1697 quom

85 1701 219 1765 plenissime
232 1720 269 1752 res
286 1705 327 1752 itta
341 1705 409 1753 scribi
425 1705 510 1767 potuit.
533 1703 574 1751 Sin
589 1700 632 1748 tibi
646 1698 754 1762 quiedam

84 1766 224 1815 videbuntur
230 1769 367 1827 obscu1iore,
374 1769 472 1832 eogitare
478 1765 755 1827 debebis,nullemertem

85 1828 165 1891 literis,
181 1833 230 1880 sine
244 1833 374 1896 interprete,
389 1844 412 1881 et
426 1834 474 1881 sine
491 1830 570 1895 aliquis
587 1829 754 1888 exercitatione,

85 1895 171 1959 percipi
188 1912 262 1960 posse.
286 1898 342 1945 Non
360 1898 428 1960 longe
444 1897 540 1944 abieris:
564 1910 621 1942 num
636 1895 675 1954 jus
689 1892 757 1940 erute

85 1967 188 2008 vestrum
206 1977 235 2008 ex
249 1962 312 2009 libris
327 1961 432 2024 cognosci
444 1963 538 2025 potest?
555 1960 596 2022 qui
612 1971 756 2021 quamquam

85 2025 182 2088 plurimi
199 2034 262 2084 sunt,
280 2026 394 2074 doctorem
412 2034 489 2072 temen
509 2023 650 2086 [usumque]
667 2020 758 2070 deside·

84 2097 144 2136 rant.
162 2089 314 2153 Quemquam
327 2098 362 2151 tu,
374 2090 393 2138 si
403 2098 489 2137 attente
497 2089 569 2150 leges,
581 2088 601 2134 si
611 2086 702 2150 sepius,
713 2101 755 2149 per

85 2160 109 2200 te
125 2153 205 2200 omnio
224 2152 369 2218 consequere,
388 2163 415 2201 ut
433 2163 492 2201 certe
510 2152 641 2214 intelliges:
658 2158 686 2197 ut
703 2165 757 2198 vero

85 2216 157 2266 etiem
172 2217 218 2281 ipsi
232 2218 274 2266 tibi
288 2219 340 2277 loci,
354 2218 471 2282 propositi
483 2216 617 2281 questione,
628 2223 756 2271 occurrant,

86 2281 247 2330 exadtetione
257 2287 402 2347 consequere·
419 2285 450 2331 In
458 2281 608 2345 quiquidem
616 2296 658 2328 uos
669 2288 691 2326 te
702 2293 755 2326 con-

85 2346 219 2406 tinebimus,
232 2347 251 2395 si
262 2356 285 2395 et
295 2347 353 2395 salvi
363 2347 505 2406 rerberimus,
521 2355 545 2394 et
555 2347 617 2394 salva
627 2345 671 2392 istc
685 2343 757 2390 offen-

81 2409 193 2460 derimus.
211 2411 235 2460 V
249 2411 299 2459 Col.
311 2414 374 2460 Sext.
387 2412 485 2474 Rhegio.

169 2541 240 2606 (ιο.)
256 2539 384 2590 cronno
400 2538 583 2588 renone-10
599 2538 623 2587 s.
633 2535 667 2584 n.

116 2668 398 2744 (Aramum-De
414 2665 566 2720 Veliensium
581 2666 612 2716 in
620 2661 772 2743 'brennum

74 2745 154 2782 Μ
168 2733 299 2797 “Mun
319 2744 353 2800 et,
370 2752 401 2789 ne
413 2747 532 2805 paternos
546 2746 713 2804 possemnes
722 2740 804 2785 sen»,
