1650 2948
19 2834 28 2885 i

73 2288 77 2300 ’
104 2275 171 2323 Audi
181 2277 277 2389 relilqua.

102 158 152 215 27⁸
215 158 266 208 sn
282 158 461 209 nrvunsos.
478 159 541 208 ms
557 154 607 207 rx
625 156 666 207 aa
765 214 768 221 ,

135 287 216 348 Nunc,
236 290 397 347 simeames,
416 288 450 335 mi
469 287 542 346 Pate,
561 287 771 350 negutiumtouun

103 353 200 415 suscipe,
211 362 235 401 et
245 354 349 401 molestit
360 353 461 401 Fabium
473 352 554 399 libera.
577 351 727 400 Auctarium
734 349 772 398 tut

102 417 169 464 nobis
185 433 243 480 opus
260 428 302 477 est,
320 425 343 464 et
361 416 462 474 consilio,
482 424 506 462 et
522 416 594 463 etiam
608 415 693 478 gradi.
719 412 772 462 Noli

101 482 150 591 ppti
166 480 255 544 litigare
271 481 359 538 fratres,
377 490 399 528 et
413 480 505 542 judiciis
520 479 629 543 turpibus
644 478 771 527 eonfliuari.

133 553 224 592 atonem
235 555 257 593 et
269 546 397 592 Pollionem
403 545 507 592 inimicus
514 545 586 591 habet
594 543 693 592 Fabius.
712 541 772 603 Quid

102 609 195 656 multa?
218 624 264 656 non
283 609 433 674 (mehercule)
452 617 500 655 tam
514 609 656 683 perscribere
673 621 770 672 possum,

102 687 173 783 qqam
187 673 246 719 mihi
257 682 349 736 gratum
359 672 446 731 feceris,
462 672 482 719 si
495 680 597 720 ouosum
608 670 711 720 Fabium
726 670 773 718 red-

120 735 194 784 'eria
216 734 772 801 Idnleinuposimmessepuutminiqu

102 801 230 864 madet
247 802 315 851 Vale

227 991 443 1067 ‹aupmcnno
461 989 564 1040 enno
581 992 607 1041 s
618 990 652 1039 n.

136 1120 508 1186 (Argumentum—Descriptio
528 1113 552 1170 et
568 1120 689 1170 excusatio
709 1130 773 1170 nanu

102 1184 222 1244 nterioris,
239 1186 366 1248 presertim
387 1189 536 1236 accumbente
557 1185 686 1250 Cytheride
704 1190 775 1234 merei

58 1284 64 1299 .
103 1248 176 1308 trine)

134 1377 298 1427 Accubueram
312 1378 370 1428 hori
380 1380 450 1440 nont,
462 1395 516 1427 eum
526 1378 557 1428 ad
567 1386 591 1427 te
600 1378 688 1427 hnmm
698 1391 773 1426 exun-

119 1441 171 1495 lum
183 1442 208 1489 in
224 1443 334 1492 codicillis
352 1444 450 1492 aerari.
469 1443 548 1503 Dices,
566 1443 628 1491 ubi?
653 1443 717 1507 apud
727 1442 774 1490 Vu-

102 1457 221 1555 sumntum
235 1508 407 1572 Eutrapelum
424 1508 557 1572 etquidem
572 1523 645 1571 supra
660 1523 700 1556 me
713 1505 774 1555 Aui-

103 1586 153 1632 tus,
164 1572 225 1620 infra
239 1572 345 1634 Verrius,
358 1573 482 1621 familiares
497 1573 540 1620 tui.
561 1571 659 1620 Miraris
672 1581 721 1620 tam
735 1585 774 1618 ex·

103 1635 226 1685 hilaratum
242 1652 290 1685 esse
305 1638 438 1685 servitutem
450 1636 570 1685 nostram?
592 1636 660 1696 Quid
674 1651 729 1699 erga
741 1634 774 1682 fs-

104 1701 183 1749 tiam?
200 1710 223 1748 te
233 1703 335 1759 consulo,
346 1701 389 1822 qui
396 1701 564 1811 philosophum
575 1700 650 1748 audis
672 1701 774 1763 Anger?

103 1765 261 1812 excmeiemne
271 1767 330 1812 me?
372 1764 396 1811 ui
420 1769 546 1829 assequar?
563 1764 656 1813 Deinde
666 1780 737 1829 quem
747 1762 775 1811 ad

103 1825 195 1875 finem?
212 1827 292 1886 Vives,
307 1827 394 1892 inquis,
405 1829 430 1876 in
441 1830 518 1877 literis.
540 1831 583 1877 An
597 1829 728 1894 quidquam
738 1843 775 1875 me

103 1890 167 1938 aliud
178 1906 244 1954 agere
255 1896 350 1941 censes?
367 1900 408 1940 aut
417 1909 508 1957 possem
519 1894 603 1952 vivere,
612 1894 657 1941 nisi
668 1894 692 1940 in
706 1892 774 1941 literis

102 1954 221 2002 viverem?
246 1957 293 2004 Sed
310 1966 344 2005 est
362 1973 441 2005 earum
461 1959 539 2018 etiam,
557 1973 604 2005 non
621 1959 723 2016 satietas,
738 1955 775 2005 sed

103 2018 200 2081 quidam
217 2020 308 2069 modus.
333 2023 358 2069 A
389 2022 459 2070 uibus
470 2038 523 2071 tum
537 2022 636 2080 discessi,
653 2023 696 2071 etsi
708 2021 775 2069 mini-

103 2096 170 2129 mum
181 2084 240 2132 mihi
251 2094 285 2133 est
296 2086 320 2133 in
331 2101 394 2134 uoena
406 2087 480 2152 (quod
490 2096 517 2135 tu
527 2101 603 2134 uuum
613 2083 707 2149 ζητημα
719 2086 774 2133 Dio·

103 2146 128 2192 ni
138 2147 275 2212 philosopho
285 2151 391 2213 posuisti)
400 2167 409 2207 ς
426 2164 512 2210 tamen,
525 2151 581 2215 quid
592 2151 670 2214 potius
683 2151 773 2209 faciam,

103 2210 239 2275 priusquam
256 2229 295 2261 me
316 2214 440 2264 dormitum
464 2215 589 2275 senseram,
608 2229 657 2263 non
678 2215 770 2279 reperio.

137 2337 202 2388 Infra
241 2343 373 2406 utrapelum
390 2345 497 2408 Cytheris
513 2344 627 2394 accubuit.
646 2344 678 2392 In
694 2359 721 2392 eo
733 2343 773 2407 igi·

104 2411 151 2465 tur,
162 2404 249 2469 inquis,
261 2407 364 2455 eonvivio
375 2407 455 2457 Cicero
468 2409 528 2458 ille?
546 2412 647 2472 “quem
659 2409 772 2472 adspecu·

105 2470 171 2530 bant,
182 2471 249 2533 cujus
260 2472 289 2518 ob
303 2485 329 2519 os
340 2471 405 2520 Graii
420 2488 460 2521 ora
472 2476 621 2522 obvertebant
631 2473 700 2522 sua”
721 2473 772 2520 Non

106 2535 256 2595 (meherurle)
267 2535 393 2599 suspicatus
403 2551 457 2584 sum
467 2537 533 2586 illem
544 2538 629 2586 affore:
649 2537 689 2586 sed
699 2544 772 2585 tamen

101 2597 243 2667 Aristippus
253 2600 349 2668 quidem
359 2600 400 2649 ille
411 2602 538 2650 Socraticus
552 2602 712 2662 non-emunit,
723 2613 772 2649 eum

96 2675 161 2716 esset
171 2669 306 2734 objeeurm,
315 2667 405 2718 nubere
417 2666 475 2714 sum
483 2665 572 2713 lidda.
589 2668 609 2694 ‘⁸
616 2666 726 2723 ΜΝ
740 2665 772 2710 'm'
