1650 2948
67 130 115 175 262
181 128 232 176 AI)
248 127 426 177 DIVERSOS.
444 127 506 176 Lu.
523 125 574 175 1x0
592 125 629 172 le.

69 262 122 314 tuae,
138 272 208 319 quom
219 260 273 322 tibi]
314 266 427 321 rspectnm
437 272 487 305 eene
495 254 596 319 gaudeo·
610 251 658 301 Sed
672 249 734 316 (ΝΜ

67 319 144 382 crede)
154 336 200 369 non
211 275 314 385 periurii?
323 332 349 369 ut
360 332 394 369 est
401 321 489 385 τάμε,
496 335 526 368 ex
534 319 608 367 literis
617 315 734 393 petepioett

67 385 169 445 potuisti.
193 385 267 444 Nam,
285 402 338 433 cum
356 402 370 432 a
385 385 439 433 satie
454 383 536 432 multis
548 387 607 435 (non
618 396 681 429 emm
690 393 736 443 por·

68 463 121 494 eum
132 449 197 496 aliter
207 449 291 511 dicere)
304 459 327 498 et
337 451 381 498 coli
389 465 427 497 me
434 448 534 507 videam,
546 456 571 494 et
581 445 664 508 diligi3
675 456 736 492 nemo

69 522 103 558 eet
113 513 205 560 illorum
221 516 326 561 omnium
336 514 395 561 mihi
405 523 428 561 te
437 511 570 574 jucundior.
594 511 670 569 Nem,
696 505 737 581 uti

68 590 107 622 me
118 592 189 637 ames,
202 578 264 641 quod
279 579 303 625 id
315 587 338 626 et
346 577 486 641 jampridem
497 586 520 625 et
530 583 664 623 constanter

69 639 137 686 estid
149 641 243 704 quidem
260 651 462 704 magnumneque
478 639 543 688 heud
561 639 610 688 ecio
625 652 657 687 an
670 634 738 685 meri

69 717 152 761 mum;
170 705 210 752 sed
221 705 263 754 tibi
274 703 565 753 commune-cummnltie:
583 702 651 778 quoti
660 700 738 764 nipe

68 774 117 815 tem
128 770 240 818 emendus
248 786 280 829 es,
293 769 474 834 tamqueduloie,
486 778 583 831 tamque
593 781 620 815 ιιι
630 765 696 815 omni
704 778 739 827 gt·

71 844 125 879 nere
133 834 258 894 jucundus,
270 835 295 882 id
305 843 339 882 est
349 835 440 898 proprie
456 842 532 880 tuum.

103 897 233 958 Accedunt,
245 913 292 947 non
302 898 385 958 Attici,
397 898 437 946 eed
452 897 557 945 salsiores
567 910 642 971 quem
651 892 688 943 illi
700 890 740 941 At-

70 959 177 1021 ticorum‚
190 963 292 1010 Romani
309 972 393 1011 veteres
403 967 425 1009 ‘a
450 977 480 1009 ue
498 962 584 1008 urbnnr
602 960 670 1008 mles.
692 957 740 1019 Ego

70 1033 150 1072 eutem
164 1026 299 1085 (existimes,
319 1027 380 1086 lieet,
392 1043 424 1090 qu
465 1026 541 1084 lubet)
556 1024 656 1073 mirifioe
672 1021 742 1094 otpiqt

70 1087 165 1146 facetiis,
177 1090 279 1136 maxime
290 1091 445 1147 nostratibue3
462 1088 590 1153 presertim
600 1103 658 1137 eum
668 1099 742 1135 etart-

70 1151 139 1199 ‹lenm
146 1153 248 1214 primum
259 1154 341 1202 oblitus
349 1155 426 1213 Latio,
435 1162 495 1215 tum,
503 1167 559 1200 curn
565 1153 591 1199 in
598 1154 683 1201 urbem
693 1164 741 1197 noe·

70 1223 131 1263 trem
148 1225 182 1263 est
199 1217 276 1264 inlusa
296 1219 453 1282 peregrinitas,
464 1232 592 1265 nunevero
607 1216 678 1264 etiem
694 1215 743 1262 brr-

71 1279 143 1327 ehatis
158 1290 181 1328 et
195 1281 355 1345 Transalpinis
365 1283 505 1342 notionibus,
521 1288 550 1329 ut
559 1280 656 1328 nullum
665 1276 743 1329 veteris

72 1343 156 1407 leporis
166 1345 289 1408 vestigium
305 1356 421 1410 apparent.
444 1347 536 1410 Itaque,
554 1353 579 1392 te
595 1360 653 1393 eum
671 1340 743 1401 video,

73 1422 153 1456 omnes
163 1409 336 1471 mihiGrunios‚
345 1427 425 1460 omnes
432 1411 542 1467 Lucilios,
551 1411 616 1473 (vere
623 1417 650 1457 ut
660 1407 743 1464 dion)

74 1474 171 1521 Crassos
181 1490 283 1539 quoque,
294 1486 317 1524 et
327 1476 420 1534 Laelioe,
428 1475 504 1524 videre
510 1473 596 1522 videor.
608 1469 743 1531 Morienti,

73 1546 156 1602 preter
172 1548 203 1600 te,
215 1556 358 1605 quenquam
368 1540 483 1604 reliquum
497 1538 582 1598 huben,
596 1536 622 1585 in
637 1552 684 1600 quo
694 1549 744 1599 poe·

73 1602 119 1650 eim
140 1603 266 1666 imaginem
295 1605 396 1668 antique
421 1613 444 1652 et
464 1603 593 1651 vernacule
618 1599 744 1649 festivitatis

73 1682 202 1728 agnoscere.
225 1669 266 1716 Ad
273 1669 316 1716 hos
326 1669 413 1730 lepores
421 1683 475 1716 cum
482 1681 547 1714 umor
554 1681 608 1729 ergo
619 1680 658 1712 me
668 1672 744 1711 tentus

74 1732 173 1790 recedet,
185 1733 283 1791 miraris,
295 1733 408 1778 metanti
422 1730 594 1794 perturbatione
607 1727 744 1778 valetudinis

74 1802 121 1840 tum
131 1804 179 1841 tem
188 1797 286 1857 graviter
297 1795 455 1842 exanimatum
466 1795 555 1842 fuisse?

105 1857 177 1915 Quod
190 1867 268 1906 eutem
282 1857 354 1906 alteri
364 1859 460 1922 epistoli
470 1874 556 1922 purgas
566 1867 589 1905 te
600 1871 647 1905 non
658 1856 744 1904 dissut-

73 1935 148 1968 eorem
166 1921 225 1969 mihi
242 1923 347 1970 emtionis
362 1924 522 1986 Neapolitnnae
537 1923 616 1981 sitisse,
638 1921 678 1968 sed
692 1937 744 1968 aue·

74 1994 146 2032 torem
162 1987 346 2034 commorationis
356 1990 466 2045 urbanae3
483 2001 559 2050 neque
575 2001 617 2049 ego
632 1985 700 2033 aliter
709 2001 744 2033 ae·

74 2048 131 2111 oepi.
149 2049 258 2098 Intellexi
268 2061 346 2100 temen
355 2052 427 2112 idem,
435 2051 497 2116 quod
505 2051 541 2098 his
548 2050 654 2112 intelligo
664 2049 743 2106 literis,

74 2126 121 2159 non
133 2113 274 2163 existimisse
285 2125 316 2174 te,
328 2116 387 2163 mihi
403 2117 471 2164 licere
488 2115 530 2176 (id,
548 2114 611 2177 quod
627 2129 671 2176 ego
685 2113 744 2162 arbi-

74 2175 162 2238 trahar)
174 2193 210 2226 res
224 2179 266 2227 lm
282 2195 330 2228 non
347 2181 441 2228 omnino
458 2179 561 2244 quidem,
577 2178 618 2226 sed
635 2192 743 2240 magnum

75 2249 173 2304 partem,
191 2243 326 2318 relinquere.
354 2245 466 2292 Catulum
482 2243 542 2290 mihi
557 2257 646 2301 narras,
664 2251 688 2289 et
706 2242 745 2288 ille

76 2313 186 2368 tempora.
215 2308 280 2365 Qurd
297 2308 390 2357 simile?
412 2310 451 2356 Ne
460 2308 519 2355 mihi
529 2307 625 2370 quidem
636 2305 682 2370 ipsi
691 2314 745 2353 tuno

75 2370 188 2432 placebat,
199 2370 287 2419 diutius
297 2374 375 2420 abesse
389 2375 418 2421 ab
429 2372 560 2436 reipublicae
570 2370 682 2418 custodiit.
705 2371 745 2418 Se-

76 2433 187 2482 debamus
194 2434 256 2483 enim
267 2436 292 2482 in
302 2437 385 2500 puppi,
394 2446 417 2484 et
423 2437 514 2484 clavum
523 2437 672 2484 tenebamus:
684 2449 746 2481 nune

75 2508 154 2548 autem
162 2499 202 2548 vix
212 2500 280 2548 estin
291 2500 380 2548 semine
390 2501 461 2549 looue.
485 2501 527 2548 An
537 2499 616 2547 minue
626 2499 703 2547 multu
712 2513 747 2546 ee-

75 2565 258 2613 netin-eonsulta
274 2563 354 2613 future
371 2573 448 2628 putus,
471 2565 491 2612 si
510 2579 552 2628 ego
571 2563 615 2611 sim
627 2562 746 2626 Neapoli?

71 2626 161 2681 Romae
173 2647 230 2682 eum
248 2646 311 2693 eum,
325 2639 349 2679 et
364 2644 437 2693 urgeo
445 2628 747 2689 tommentis-mmuh

779 39 786 121 l
