<?xml version="1.0" encoding="UTF-8"?>
<!DOCTYPE html PUBLIC "-//W3C//DTD XHTML 1.0 Transitional//EN"
    "http://www.w3.org/TR/xhtml1/DTD/xhtml1-transitional.dtd">
<html xmlns="http://www.w3.org/1999/xhtml" xml:lang="en" lang="en">
 <head>
  <title>
</title>
<meta http-equiv="Content-Type" content="text/html;charset=utf-8" />
  <meta name='ocr-system' content='tesseract 3.04.00' />
  <meta name='ocr-capabilities' content='ocr_page ocr_carea ocr_par ocr_line ocrx_word'/>
</head>
<body>
  <div class='ocr_page' id='page_1' title='image "./operaexeditioni00cicegoog_0102.png"; bbox 0 0 1650 2948; ppageno 0'>
   <div class='ocr_carea' id='block_1_1' title="bbox 172 147 728 197">
    <p class='ocr_par' dir='ltr' id='par_1_1' title="bbox 172 147 728 197">
     <span class='ocr_line' id='line_1_1' title="bbox 172 147 728 197; baseline 0 -1"><span class='ocrx_word' id='word_1_1' title='bbox 172 147 223 196; x_wconf 80' lang='lat' dir='ltr'>AD</span> <span class='ocrx_word' id='word_1_2' title='bbox 239 148 417 197; x_wconf 66' lang='lat' dir='ltr'>mveltsos.</span> <span class='ocrx_word' id='word_1_3' title='bbox 436 150 495 197; x_wconf 73' lang='lat' dir='ltr'>lain.</span> <span class='ocrx_word' id='word_1_4' title='bbox 515 150 564 197; x_wconf 89' lang='lat' dir='ltr'>lll.</span> <span class='ocrx_word' id='word_1_5' title='bbox 585 153 619 197; x_wconf 79' lang='lat'>13.</span> <span class='ocrx_word' id='word_1_6' title='bbox 697 152 728 196; x_wconf 70' lang='lat'>8³</span> 
     </span>
    </p>
   </div>
   <div class='ocr_carea' id='block_1_2' title="bbox 45 277 734 1417">
    <p class='ocr_par' dir='ltr' id='par_1_2' title="bbox 45 277 732 656">
     <span class='ocr_line' id='line_1_2' title="bbox 58 277 730 340; baseline 0.001 -15"><span class='ocrx_word' id='word_1_7' title='bbox 58 280 111 325; x_wconf 85' lang='lat' dir='ltr'>beto</span> <span class='ocrx_word' id='word_1_8' title='bbox 123 287 216 324; x_wconf 76' lang='lat' dir='ltr'>tumen:</span> <span class='ocrx_word' id='word_1_9' title='bbox 235 277 278 324; x_wconf 87' lang='lat' dir='ltr'>nisi</span> <span class='ocrx_word' id='word_1_10' title='bbox 287 279 336 338; x_wconf 84' lang='lat' dir='ltr'>jam</span> <span class='ocrx_word' id='word_1_11' title='bbox 348 287 403 325; x_wconf 84' lang='lat' dir='ltr'>tunc</span> <span class='ocrx_word' id='word_1_12' title='bbox 414 279 492 325; x_wconf 89' lang='lat' dir='ltr'>onmia</span> <span class='ocrx_word' id='word_1_13' title='bbox 503 279 594 340; x_wconf 82' lang='lat' dir='ltr'>negotia</span> <span class='ocrx_word' id='word_1_14' title='bbox 605 293 657 325; x_wconf 88' lang='lat' dir='ltr'>cum</span> <span class='ocrx_word' id='word_1_15' title='bbox 667 293 730 327; x_wconf 81' lang='lat' dir='ltr'>sum-</span> 
     </span>
     <span class='ocr_line' id='line_1_3' title="bbox 57 341 731 405; baseline 0.003 -16"><span class='ocrx_word' id='word_1_16' title='bbox 57 343 97 389; x_wconf 75' lang='lat' dir='ltr'>mis</span> <span class='ocrx_word' id='word_1_17' title='bbox 109 342 152 388; x_wconf 75' lang='lat' dir='ltr'>tui</span> <span class='ocrx_word' id='word_1_18' title='bbox 163 341 274 403; x_wconf 73' lang='lat' dir='ltr'><strong>(lignitate</strong></span> <span class='ocrx_word' id='word_1_19' title='bbox 287 343 459 405; x_wconf 78' lang='lat' dir='ltr'>diligentissime</span> <span class='ocrx_word' id='word_1_20' title='bbox 474 343 629 400; x_wconf 82' lang='lat' dir='ltr'>confecissem,</span> <span class='ocrx_word' id='word_1_21' title='bbox 641 344 731 391; x_wconf 85' lang='lat' dir='ltr'>tametsi</span> 
     </span>
     <span class='ocr_line' id='line_1_4' title="bbox 56 405 732 483; baseline 0.001 -29.984"><span class='ocrx_word' id='word_1_22' title='bbox 56 406 118 454; x_wconf 90' lang='lat' dir='ltr'>nihil</span> <span class='ocrx_word' id='word_1_23' title='bbox 128 405 250 453; x_wconf 84' lang='lat' dir='ltr'>videbatur</span> <span class='ocrx_word' id='word_1_24' title='bbox 259 406 289 452; x_wconf 85' lang='lat' dir='ltr'>sd</span> <span class='ocrx_word' id='word_1_25' title='bbox 299 421 380 454; x_wconf 89' lang='lat' dir='ltr'>meum</span> <span class='ocrx_word' id='word_1_26' title='bbox 392 423 447 481; x_wconf 72' lang='lat' dir='ltr'>erga</span> <span class='ocrx_word' id='word_1_27' title='bbox 461 415 483 455; x_wconf 83' lang='lat' dir='ltr'>te</span> <span class='ocrx_word' id='word_1_28' title='bbox 493 407 616 483; x_wconf 76' lang='lat' dir='ltr'>pristinum</span> <span class='ocrx_word' id='word_1_29' title='bbox 628 406 732 455; x_wconf 86' lang='lat' dir='ltr'>studium</span> 
     </span>
     <span class='ocr_line' id='line_1_5' title="bbox 45 469 731 534; baseline 0.003 -17"><span class='ocrx_word' id='word_1_30' title='bbox 45 469 112 528; x_wconf 56' lang='lat' dir='ltr'>‚addi</span> <span class='ocrx_word' id='word_1_31' title='bbox 123 485 204 534; x_wconf 83' lang='lat' dir='ltr'>posse:</span> <span class='ocrx_word' id='word_1_32' title='bbox 222 478 311 529; x_wconf 68' lang='lat' dir='ltr'>nmen,</span> <span class='ocrx_word' id='word_1_33' title='bbox 318 470 363 518; x_wconf 85' lang='lat' dir='ltr'>hac</span> <span class='ocrx_word' id='word_1_34' title='bbox 372 471 430 518; x_wconf 84' lang='lat' dir='ltr'>mihi</span> <span class='ocrx_word' id='word_1_35' title='bbox 441 471 551 519; x_wconf 79' lang='lat' dir='ltr'>affinitate</span> <span class='ocrx_word' id='word_1_36' title='bbox 561 471 676 529; x_wconf 68' lang='lat' dir='ltr'>nuntiati,</span> <span class='ocrx_word' id='word_1_37' title='bbox 684 486 731 519; x_wconf 92' lang='lat' dir='ltr'>non</span> 
     </span>
     <span class='ocr_line' id='line_1_6' title="bbox 57 533 732 599; baseline 0 -16"><span class='ocrx_word' id='word_1_38' title='bbox 57 536 148 595; x_wconf 78' lang='lat' dir='ltr'>majore</span> <span class='ocrx_word' id='word_1_39' title='bbox 187 533 265 581; x_wconf 73' lang='lat' dir='ltr'>uiden</span> <span class='ocrx_word' id='word_1_40' title='bbox 276 534 361 594; x_wconf 74' lang='lat' dir='ltr'>sinidio,</span> <span class='ocrx_word' id='word_1_41' title='bbox 372 535 412 583; x_wconf 86' lang='lat' dir='ltr'>sed</span> <span class='ocrx_word' id='word_1_42' title='bbox 422 534 505 594; x_wconf 88' lang='lat' dir='ltr'>acrius,</span> <span class='ocrx_word' id='word_1_43' title='bbox 520 535 631 599; x_wconf 84' lang='lat' dir='ltr'>apertius,</span> <span class='ocrx_word' id='word_1_44' title='bbox 642 535 732 599; x_wconf 78' lang='lat' dir='ltr'>signill-</span> 
     </span>
     <span class='ocr_line' id='line_1_7' title="bbox 58 598 553 656; baseline 0 -9"><span class='ocrx_word' id='word_1_45' title='bbox 58 598 159 656; x_wconf 75' lang='grc' dir='ltr'><strong>ωιιὶιιι,</strong></span> <span class='ocrx_word' id='word_1_46' title='bbox 187 599 193 609; x_wconf 90' lang='grc'><strong>”</strong></span> <span class='ocrx_word' id='word_1_47' title='bbox 228 598 308 647; x_wconf 81' lang='lat' dir='ltr'>&#39;tatem</span> <span class='ocrx_word' id='word_1_48' title='bbox 318 609 383 647; x_wconf 87' lang='lat' dir='ltr'>tuam</span> <span class='ocrx_word' id='word_1_49' title='bbox 393 599 553 647; x_wconf 69' lang='lat' dir='ltr'>defendissem.</span> 
     </span>
    </p>

    <p class='ocr_par' dir='ltr' id='par_1_3' title="bbox 58 660 734 1417">
     <span class='ocr_line' id='line_1_8' title="bbox 92 660 731 727; baseline 0.003 -16"><span class='ocrx_word' id='word_1_50' title='bbox 92 660 221 711; x_wconf 72' lang='lat' dir='ltr'>Dsoedenn</span> <span class='ocrx_word' id='word_1_51' title='bbox 231 662 299 720; x_wconf 85' lang='lat' dir='ltr'>milri,</span> <span class='ocrx_word' id='word_1_52' title='bbox 315 672 338 711; x_wconf 89' lang='lat' dir='ltr'>et</span> <span class='ocrx_word' id='word_1_53' title='bbox 345 664 395 724; x_wconf 88' lang='lat' dir='ltr'>jam</span> <span class='ocrx_word' id='word_1_54' title='bbox 406 664 502 727; x_wconf 82' lang='lat' dir='ltr'>imperio</span> <span class='ocrx_word' id='word_1_55' title='bbox 512 679 590 712; x_wconf 90' lang='lat' dir='ltr'>annuo</span> <span class='ocrx_word' id='word_1_56' title='bbox 599 665 731 721; x_wconf 82' lang='lat' dir='ltr'>terminato,</span> 
     </span>
     <span class='ocr_line' id='line_1_9' title="bbox 58 726 732 783; baseline 0.003 -8"><span class='ocrx_word' id='word_1_57' title='bbox 58 736 114 775; x_wconf 82' lang='lat' dir='ltr'>aute</span> <span class='ocrx_word' id='word_1_58' title='bbox 130 726 194 773; x_wconf 89' lang='lat' dir='ltr'>diem</span> <span class='ocrx_word' id='word_1_59' title='bbox 205 726 248 775; x_wconf 91' lang='lat'>111</span> <span class='ocrx_word' id='word_1_60' title='bbox 260 727 340 774; x_wconf 84' lang='lat' dir='ltr'>Nonas</span> <span class='ocrx_word' id='word_1_61' title='bbox 350 728 456 783; x_wconf 75' lang='lat' dir='ltr'>Sextiles,</span> <span class='ocrx_word' id='word_1_62' title='bbox 475 743 529 775; x_wconf 88' lang='lat' dir='ltr'>cum</span> <span class='ocrx_word' id='word_1_63' title='bbox 545 728 575 776; x_wconf 80' lang='lat' dir='ltr'>ad</span> <span class='ocrx_word' id='word_1_64' title='bbox 588 728 666 775; x_wconf 83' lang='lat' dir='ltr'>Sidam</span> <span class='ocrx_word' id='word_1_65' title='bbox 678 730 732 778; x_wconf 80' lang='lat' dir='ltr'>navi</span> 
     </span>
     <span class='ocr_line' id='line_1_10' title="bbox 58 790 733 850; baseline 0.001 -11"><span class='ocrx_word' id='word_1_66' title='bbox 58 790 491 850; x_wconf 76' lang='lat' dir='ltr'>secederem,etmeequ.Servilius</span> <span class='ocrx_word' id='word_1_67' title='bbox 502 792 733 848; x_wconf 57' lang='lat' dir='ltr'>essetdteraeameia</span> 
     </span>
     <span class='ocr_line' id='line_1_11' title="bbox 59 853 733 919; baseline 0.001 -16"><span class='ocrx_word' id='word_1_68' title='bbox 59 853 224 904; x_wconf 75' lang='lat' dir='ltr'>srmtredditae.</span> <span class='ocrx_word' id='word_1_69' title='bbox 241 853 386 903; x_wconf 84' lang='lat' dir='ltr'>Dixistan&#39;m</span> <span class='ocrx_word' id='word_1_70' title='bbox 394 854 500 915; x_wconf 80' lang='lat' dir='ltr'>Servilio,</span> <span class='ocrx_word' id='word_1_71' title='bbox 510 855 605 919; x_wconf 78' lang='lat' dir='ltr'>(etenim</span> <span class='ocrx_word' id='word_1_72' title='bbox 614 855 733 904; x_wconf 70' lang='lat' dir='ltr'>videbam</span> 
     </span>
     <span class='ocr_line' id='line_1_12' title="bbox 59 916 732 993; baseline 0 -26"><span class='ocrx_word' id='word_1_73' title='bbox 59 934 109 967; x_wconf 75' lang='lat' dir='ltr'>asise</span> <span class='ocrx_word' id='word_1_74' title='bbox 118 916 261 978; x_wconf 79' lang='lat' dir='ltr'>communis)</span> <span class='ocrx_word' id='word_1_75' title='bbox 277 927 305 966; x_wconf 86' lang='lat' dir='ltr'>ut</span> <span class='ocrx_word' id='word_1_76' title='bbox 314 919 393 966; x_wconf 89' lang='lat' dir='ltr'>omnia</span> <span class='ocrx_word' id='word_1_77' title='bbox 403 934 418 966; x_wconf 82' lang='lat' dir='ltr'>a</span> <span class='ocrx_word' id='word_1_78' title='bbox 427 934 466 966; x_wconf 90' lang='lat' dir='ltr'>me</span> <span class='ocrx_word' id='word_1_79' title='bbox 482 921 570 981; x_wconf 79' lang='lat' dir='ltr'>majora</span> <span class='ocrx_word' id='word_1_80' title='bbox 586 928 732 993; x_wconf 72' lang='lat' dir='ltr'>exspectaret.</span> 
     </span>
     <span class='ocr_line' id='line_1_13' title="bbox 60 982 734 1048; baseline -0.001 -17"><span class='ocrx_word' id='word_1_81' title='bbox 60 982 127 1043; x_wconf 82' lang='lat' dir='ltr'>Quid</span> <span class='ocrx_word' id='word_1_82' title='bbox 144 982 240 1030; x_wconf 78' lang='lat' dir='ltr'>multu?</span> <span class='ocrx_word' id='word_1_83' title='bbox 257 983 425 1031; x_wconf 78' lang='lat' dir='ltr'>bmevolenuor</span> <span class='ocrx_word' id='word_1_84' title='bbox 441 983 493 1040; x_wconf 92' lang='lat' dir='ltr'>tibi,</span> <span class='ocrx_word' id='word_1_85' title='bbox 511 998 582 1048; x_wconf 84' lang='lat' dir='ltr'>quam</span> <span class='ocrx_word' id='word_1_86' title='bbox 598 983 642 1043; x_wconf 77' lang='lat' dir='ltr'>stu,</span> <span class='ocrx_word' id='word_1_87' title='bbox 660 982 734 1031; x_wconf 88' lang='lat' dir='ltr'>nihilo</span> 
     </span>
     <span class='ocr_line' id='line_1_14' title="bbox 59 1046 733 1110; baseline -0.001 -14"><span class='ocrx_word' id='word_1_88' title='bbox 59 1063 113 1096; x_wconf 78' lang='lat' dir='ltr'>mm</span> <span class='ocrx_word' id='word_1_89' title='bbox 124 1047 215 1102; x_wconf 69' lang='lat' dir='ltr'>incursa</span> <span class='ocrx_word' id='word_1_90' title='bbox 232 1046 363 1110; x_wconf 80' lang='lat' dir='ltr'>diligentior</span> <span class='ocrx_word' id='word_1_91' title='bbox 377 1048 408 1095; x_wconf 87' lang='lat' dir='ltr'>ad</span> <span class='ocrx_word' id='word_1_92' title='bbox 422 1047 582 1096; x_wconf 72' lang='lat' dir='ltr'>declarandam</span> <span class='ocrx_word' id='word_1_93' title='bbox 596 1048 733 1095; x_wconf 78' lang='lat' dir='ltr'>benevolen-</span> 
     </span>
     <span class='ocr_line' id='line_1_15' title="bbox 60 1111 732 1170; baseline -0.001 -10"><span class='ocrx_word' id='word_1_94' title='bbox 60 1113 117 1160; x_wconf 88' lang='lat' dir='ltr'>tiam</span> <span class='ocrx_word' id='word_1_95' title='bbox 137 1111 221 1158; x_wconf 85' lang='lat' dir='ltr'>multo.</span> <span class='ocrx_word' id='word_1_96' title='bbox 244 1112 319 1170; x_wconf 79' lang='lat' dir='ltr'>Nam,</span> <span class='ocrx_word' id='word_1_97' title='bbox 333 1121 360 1160; x_wconf 86' lang='lat' dir='ltr'>ut</span> <span class='ocrx_word' id='word_1_98' title='bbox 374 1121 439 1160; x_wconf 82' lang='lat' dir='ltr'>vetus</span> <span class='ocrx_word' id='word_1_99' title='bbox 454 1121 531 1160; x_wconf 88' lang='lat' dir='ltr'>nostra</span> <span class='ocrx_word' id='word_1_100' title='bbox 547 1111 651 1160; x_wconf 74' lang='lat' dir='ltr'>simultas</span> <span class='ocrx_word' id='word_1_101' title='bbox 665 1121 732 1159; x_wconf 81' lang='lat' dir='ltr'>antee</span> 
     </span>
     <span class='ocr_line' id='line_1_16' title="bbox 59 1175 732 1240; baseline 0.004 -18"><span class='ocrx_word' id='word_1_102' title='bbox 59 1175 197 1227; x_wconf 73' lang='lat' dir='ltr'>stimulabat</span> <span class='ocrx_word' id='word_1_103' title='bbox 207 1190 254 1233; x_wconf 88' lang='lat' dir='ltr'>me,</span> <span class='ocrx_word' id='word_1_104' title='bbox 266 1184 293 1223; x_wconf 89' lang='lat' dir='ltr'>nt</span> <span class='ocrx_word' id='word_1_105' title='bbox 302 1191 415 1236; x_wconf 72' lang='lat' dir='ltr'>carmem,</span> <span class='ocrx_word' id='word_1_106' title='bbox 428 1191 458 1224; x_wconf 92' lang='lat' dir='ltr'>ne</span> <span class='ocrx_word' id='word_1_107' title='bbox 468 1177 506 1224; x_wconf 91' lang='lat' dir='ltr'>cui</span> <span class='ocrx_word' id='word_1_108' title='bbox 516 1176 668 1240; x_wconf 85' lang='lat' dir='ltr'>suspicionem</span> <span class='ocrx_word' id='word_1_109' title='bbox 679 1175 732 1225; x_wconf 84' lang='lat' dir='ltr'>ficte</span> 
     </span>
     <span class='ocr_line' id='line_1_17' title="bbox 60 1238 731 1305; baseline -0.001 -16"><span class='ocrx_word' id='word_1_110' title='bbox 60 1238 407 1305; x_wconf 69' lang='lat' dir='ltr'>reconciliataegrstiadarem</span> <span class='ocrx_word' id='word_1_111' title='bbox 424 1241 456 1289; x_wconf 87' lang='lat' dir='ltr'>sio</span> <span class='ocrx_word' id='word_1_112' title='bbox 470 1241 568 1289; x_wconf 80' lang='lat' dir='ltr'>affinitas</span> <span class='ocrx_word' id='word_1_113' title='bbox 582 1255 731 1288; x_wconf 85' lang='lat' dir='ltr'>novacuram</span> 
     </span>
     <span class='ocr_line' id='line_1_18' title="bbox 60 1303 732 1369; baseline 0 -16"><span class='ocrx_word' id='word_1_114' title='bbox 60 1304 120 1353; x_wconf 88' lang='lat' dir='ltr'>milri</span> <span class='ocrx_word' id='word_1_115' title='bbox 130 1303 198 1351; x_wconf 84' lang='lat' dir='ltr'>affert</span> <span class='ocrx_word' id='word_1_116' title='bbox 208 1303 311 1363; x_wconf 84' lang='lat' dir='ltr'>cavendi,</span> <span class='ocrx_word' id='word_1_117' title='bbox 323 1306 352 1352; x_wconf 89' lang='lat' dir='ltr'>&#39;ne</span> <span class='ocrx_word' id='word_1_118' title='bbox 366 1304 423 1369; x_wconf 90' lang='lat' dir='ltr'>quid</span> <span class='ocrx_word' id='word_1_119' title='bbox 437 1304 466 1352; x_wconf 85' lang='lat' dir='ltr'>de</span> <span class='ocrx_word' id='word_1_120' title='bbox 479 1320 571 1353; x_wconf 90' lang='lat' dir='ltr'>summo</span> <span class='ocrx_word' id='word_1_121' title='bbox 581 1320 634 1353; x_wconf 88' lang='lat' dir='ltr'>meo</span> <span class='ocrx_word' id='word_1_122' title='bbox 644 1320 699 1368; x_wconf 79' lang='lat' dir='ltr'>erga</span> <span class='ocrx_word' id='word_1_123' title='bbox 709 1312 732 1352; x_wconf 84' lang='lat' dir='ltr'>te</span> 
     </span>
     <span class='ocr_line' id='line_1_19' title="bbox 61 1367 612 1417; baseline -0.002 0"><span class='ocrx_word' id='word_1_124' title='bbox 61 1384 141 1417; x_wconf 83' lang='lat' dir='ltr'>amora</span> <span class='ocrx_word' id='word_1_125' title='bbox 150 1367 279 1416; x_wconf 86' lang='lat' dir='ltr'>detractum</span> <span class='ocrx_word' id='word_1_126' title='bbox 290 1384 339 1416; x_wconf 87' lang='lat' dir='ltr'>esse</span> <span class='ocrx_word' id='word_1_127' title='bbox 348 1368 459 1417; x_wconf 82' lang='lat' dir='ltr'>videatur.</span> <span class='ocrx_word' id='word_1_128' title='bbox 478 1369 543 1417; x_wconf 88' lang='lat' dir='ltr'>Vale.</span> <span class='ocrx_word' id='word_1_129' title='bbox 609 1368 612 1373; x_wconf 80' lang='grc'><strong>“</strong></span> 
     </span>
    </p>
   </div>
   <div class='ocr_carea' id='block_1_3' title="bbox 81 1557 712 1621">
    <p class='ocr_par' dir='ltr' id='par_1_4' title="bbox 81 1557 712 1621">
     <span class='ocr_line' id='line_1_20' title="bbox 81 1557 712 1621; baseline -0.002 -15"><span class='ocrx_word' id='word_1_130' title='bbox 81 1557 154 1621; x_wconf 83' lang='grc'>(13.)</span> <span class='ocrx_word' id='word_1_131' title='bbox 172 1559 210 1607; x_wconf 88' lang='grc' dir='ltr'>Μ.</span> <span class='ocrx_word' id='word_1_132' title='bbox 219 1560 250 1608; x_wconf 86' lang='grc' dir='ltr'>Τ.</span> <span class='ocrx_word' id='word_1_133' title='bbox 259 1560 287 1608; x_wconf 78' lang='lat' dir='ltr'>C·</span> <span class='ocrx_word' id='word_1_134' title='bbox 303 1559 411 1610; x_wconf 85' lang='lat' dir='ltr'>APPIO</span> <span class='ocrx_word' id='word_1_135' title='bbox 428 1558 593 1608; x_wconf 79' lang='lat' dir='ltr'>PULCHRO</span> <span class='ocrx_word' id='word_1_136' title='bbox 610 1560 634 1607; x_wconf 92' lang='lat' dir='ltr'>S.</span> <span class='ocrx_word' id='word_1_137' title='bbox 643 1559 672 1606; x_wconf 88' lang='lat' dir='ltr'>P.</span> <span class='ocrx_word' id='word_1_138' title='bbox 680 1558 712 1606; x_wconf 90' lang='lat' dir='ltr'>D.</span> 
     </span>
    </p>
   </div>
   <div class='ocr_carea' id='block_1_4' title="bbox 61 1687 733 1946">
    <p class='ocr_par' dir='ltr' id='par_1_5' title="bbox 61 1687 733 1946">
     <span class='ocr_line' id='line_1_21' title="bbox 91 1687 732 1753; baseline -0.002 -17"><span class='ocrx_word' id='word_1_139' title='bbox 91 1690 289 1752; x_wconf 77' lang='lat' dir='ltr'>(Argumentum.</span> <span class='ocrx_word' id='word_1_140' title='bbox 302 1690 422 1753; x_wconf 82' lang='lat' dir='ltr'>-Appio</span> <span class='ocrx_word' id='word_1_141' title='bbox 431 1689 517 1752; x_wconf 81' lang='lat' dir='ltr'>gratias</span> <span class='ocrx_word' id='word_1_142' title='bbox 528 1688 584 1752; x_wconf 77' lang='lat' dir='ltr'>agit,</span> <span class='ocrx_word' id='word_1_143' title='bbox 596 1687 659 1752; x_wconf 87' lang='lat' dir='ltr'>quod</span> <span class='ocrx_word' id='word_1_144' title='bbox 670 1703 732 1745; x_wconf 85' lang='lat' dir='ltr'>suos,</span> 
     </span>
     <span class='ocr_line' id='line_1_22' title="bbox 62 1754 733 1817; baseline -0.004 -16"><span class='ocrx_word' id='word_1_145' title='bbox 62 1755 86 1801; x_wconf 92' lang='lat' dir='ltr'>in</span> <span class='ocrx_word' id='word_1_146' title='bbox 103 1754 271 1816; x_wconf 84' lang='lat' dir='ltr'>supplicatione</span> <span class='ocrx_word' id='word_1_147' title='bbox 287 1754 435 1812; x_wconf 66' lang='lat' dir='ltr'>decernendis,</span> <span class='ocrx_word' id='word_1_148' title='bbox 452 1754 590 1814; x_wconf 86' lang='lat' dir='ltr'>adjuvisset:</span> <span class='ocrx_word' id='word_1_149' title='bbox 608 1762 733 1817; x_wconf 76' lang='lat' dir='ltr'>paratoque</span> 
     </span>
     <span class='ocr_line' id='line_1_23' title="bbox 61 1817 733 1881; baseline -0.001 -16"><span class='ocrx_word' id='word_1_150' title='bbox 61 1818 94 1865; x_wconf 89' lang='lat' dir='ltr'>illi</span> <span class='ocrx_word' id='word_1_151' title='bbox 116 1817 193 1865; x_wconf 90' lang='lat' dir='ltr'>officia</span> <span class='ocrx_word' id='word_1_152' title='bbox 211 1818 347 1881; x_wconf 84' lang='lat' dir='ltr'>pollicetur:</span> <span class='ocrx_word' id='word_1_153' title='bbox 364 1818 393 1865; x_wconf 92' lang='lat' dir='ltr'>de</span> <span class='ocrx_word' id='word_1_154' title='bbox 409 1818 537 1866; x_wconf 66' lang='lat' dir='ltr'>Dolabellae</span> <span class='ocrx_word' id='word_1_155' title='bbox 552 1817 733 1866; x_wconf 73' lang='lat' dir='ltr'>reconciliatione</span> 
     </span>
     <span class='ocr_line' id='line_1_24' title="bbox 61 1881 667 1946; baseline 0 -16"><span class='ocrx_word' id='word_1_156' title='bbox 61 1896 107 1930; x_wconf 89' lang='lat' dir='ltr'>non</span> <span class='ocrx_word' id='word_1_157' title='bbox 118 1881 239 1944; x_wconf 80' lang='lat' dir='ltr'>desperat:</span> <span class='ocrx_word' id='word_1_158' title='bbox 256 1896 375 1929; x_wconf 80' lang='lat' dir='ltr'>censuram</span> <span class='ocrx_word' id='word_1_159' title='bbox 386 1885 504 1930; x_wconf 81' lang='lat' dir='ltr'>obtentam</span> <span class='ocrx_word' id='word_1_160' title='bbox 514 1899 562 1930; x_wconf 85' lang='lat' dir='ltr'>esse</span> <span class='ocrx_word' id='word_1_161' title='bbox 572 1891 667 1946; x_wconf 82' lang='lat' dir='ltr'>speret)</span> 
     </span>
    </p>
   </div>
   <div class='ocr_carea' id='block_1_5' title="bbox 61 2009 751 2714">
    <p class='ocr_par' dir='ltr' id='par_1_6' title="bbox 61 2009 751 2714">
     <span class='ocr_line' id='line_1_25' title="bbox 91 2009 731 2073; baseline -0.003 -15"><span class='ocrx_word' id='word_1_162' title='bbox 91 2010 170 2071; x_wconf 79' lang='lat' dir='ltr'>Quasi</span> <span class='ocrx_word' id='word_1_163' title='bbox 178 2009 313 2067; x_wconf 83' lang='lat' dir='ltr'>divinarem,</span> <span class='ocrx_word' id='word_1_164' title='bbox 322 2011 363 2057; x_wconf 81' lang='lat' dir='ltr'>uli</span> <span class='ocrx_word' id='word_1_165' title='bbox 370 2011 394 2057; x_wconf 92' lang='lat' dir='ltr'>in</span> <span class='ocrx_word' id='word_1_166' title='bbox 403 2011 476 2058; x_wconf 86' lang='lat' dir='ltr'>officio</span> <span class='ocrx_word' id='word_1_167' title='bbox 484 2011 532 2059; x_wconf 80' lang='lat' dir='ltr'>sore</span> <span class='ocrx_word' id='word_1_168' title='bbox 540 2010 599 2057; x_wconf 91' lang='lat' dir='ltr'>mihi</span> <span class='ocrx_word' id='word_1_169' title='bbox 607 2009 731 2073; x_wconf 89' lang='lat' dir='ltr'>aliquando</span> 
     </span>
     <span class='ocr_line' id='line_1_26' title="bbox 62 2074 732 2138; baseline -0.003 -15"><span class='ocrx_word' id='word_1_170' title='bbox 62 2074 221 2138; x_wconf 74' lang='lat' dir='ltr'>expetffldum</span> <span class='ocrx_word' id='word_1_171' title='bbox 235 2074 337 2121; x_wconf 89' lang='lat' dir='ltr'>studium</span> <span class='ocrx_word' id='word_1_172' title='bbox 352 2084 428 2133; x_wconf 89' lang='lat' dir='ltr'>tuum,</span> <span class='ocrx_word' id='word_1_173' title='bbox 446 2075 486 2132; x_wconf 81' lang='lat' dir='ltr'>sic,</span> <span class='ocrx_word' id='word_1_174' title='bbox 504 2090 558 2121; x_wconf 86' lang='lat' dir='ltr'>eum</span> <span class='ocrx_word' id='word_1_175' title='bbox 569 2074 598 2121; x_wconf 92' lang='lat' dir='ltr'>de</span> <span class='ocrx_word' id='word_1_176' title='bbox 608 2075 654 2122; x_wconf 86' lang='lat' dir='ltr'>tuis</span> <span class='ocrx_word' id='word_1_177' title='bbox 664 2076 732 2121; x_wconf 88' lang='lat' dir='ltr'>rebus</span> 
     </span>
     <span class='ocr_line' id='line_1_27' title="bbox 61 2137 732 2212; baseline -0.006 -25"><span class='ocrx_word' id='word_1_178' title='bbox 61 2140 131 2202; x_wconf 77' lang='lat' dir='ltr'>gestis</span> <span class='ocrx_word' id='word_1_179' title='bbox 141 2141 261 2202; x_wconf 66' lang='lat' dir='ltr'>agebam,</span> <span class='ocrx_word' id='word_1_180' title='bbox 272 2138 422 2186; x_wconf 81' lang='lat' dir='ltr'>inserviebam</span> <span class='ocrx_word' id='word_1_181' title='bbox 436 2137 518 2184; x_wconf 89' lang='lat' dir='ltr'>honori</span> <span class='ocrx_word' id='word_1_182' title='bbox 533 2138 682 2212; x_wconf 40' lang='lat' dir='ltr'>tuo.·Dicam</span> <span class='ocrx_word' id='word_1_183' title='bbox 698 2146 732 2184; x_wconf 84' lang='lat' dir='ltr'>ta·</span> 
     </span>
     <span class='ocr_line' id='line_1_28' title="bbox 220 2201 732 2341; baseline -0.006 -27.946"><span class='ocrx_word' id='word_1_184' title='bbox 134 2201 733 2341; x_wconf 50' lang='lat' dir='ltr'>imma</span> 
     </span>
     <span class='ocr_line' id='line_1_29' title="bbox 61 2329 734 2393; baseline -0.006 -15"><span class='ocrx_word' id='word_1_185' title='bbox 61 2331 180 2387; x_wconf 84' lang='lat' dir='ltr'>orationis,</span> <span class='ocrx_word' id='word_1_186' title='bbox 191 2331 305 2378; x_wconf 74' lang='lat' dir='ltr'>sententiis</span> <span class='ocrx_word' id='word_1_187' title='bbox 315 2330 364 2389; x_wconf 68' lang='lat' dir='ltr'>tui,</span> <span class='ocrx_word' id='word_1_188' title='bbox 379 2330 464 2393; x_wconf 90' lang='lat' dir='ltr'>quibus</span> <span class='ocrx_word' id='word_1_189' title='bbox 477 2346 519 2393; x_wconf 84' lang='lat' dir='ltr'>ego</span> <span class='ocrx_word' id='word_1_190' title='bbox 535 2346 549 2377; x_wconf 86' lang='lat' dir='ltr'>s</span> <span class='ocrx_word' id='word_1_191' title='bbox 564 2331 605 2376; x_wconf 88' lang='lat' dir='ltr'>tali</span> <span class='ocrx_word' id='word_1_192' title='bbox 616 2329 664 2376; x_wconf 88' lang='lat' dir='ltr'>viro</span> <span class='ocrx_word' id='word_1_193' title='bbox 679 2342 734 2374; x_wconf 88' lang='lat' dir='ltr'>oon-</span> 
     </span>
     <span class='ocr_line' id='line_1_30' title="bbox 63 2391 733 2458; baseline -0.009 -15"><span class='ocrx_word' id='word_1_194' title='bbox 63 2402 140 2443; x_wconf 84' lang='lat' dir='ltr'>tentus</span> <span class='ocrx_word' id='word_1_195' title='bbox 151 2409 224 2453; x_wconf 79' lang='lat' dir='ltr'>eram,</span> <span class='ocrx_word' id='word_1_196' title='bbox 235 2394 276 2442; x_wconf 86' lang='lat' dir='ltr'>sed</span> <span class='ocrx_word' id='word_1_197' title='bbox 286 2394 355 2441; x_wconf 85' lang='lat' dir='ltr'>etiam</span> <span class='ocrx_word' id='word_1_198' title='bbox 366 2393 442 2458; x_wconf 76' lang='lat' dir='ltr'>operi,</span> <span class='ocrx_word' id='word_1_199' title='bbox 453 2394 555 2450; x_wconf 87' lang='lat' dir='ltr'>consilio,</span> <span class='ocrx_word' id='word_1_200' title='bbox 562 2394 659 2441; x_wconf 90' lang='lat' dir='ltr'>domum</span> <span class='ocrx_word' id='word_1_201' title='bbox 669 2391 733 2438; x_wconf 86' lang='lat' dir='ltr'>veni-</span> 
     </span>
     <span class='ocr_line' id='line_1_31' title="bbox 62 2455 734 2518; baseline -0.007 -13"><span class='ocrx_word' id='word_1_202' title='bbox 62 2458 131 2517; x_wconf 84' lang='lat' dir='ltr'>endo,</span> <span class='ocrx_word' id='word_1_203' title='bbox 146 2458 307 2507; x_wconf 84' lang='lat' dir='ltr'>conveniendis</span> <span class='ocrx_word' id='word_1_204' title='bbox 317 2458 383 2518; x_wconf 77' lang='lat' dir='ltr'>meis,</span> <span class='ocrx_word' id='word_1_205' title='bbox 400 2458 493 2506; x_wconf 89' lang='lat' dir='ltr'>nullum</span> <span class='ocrx_word' id='word_1_206' title='bbox 503 2473 590 2504; x_wconf 88' lang='lat' dir='ltr'>munus</span> <span class='ocrx_word' id='word_1_207' title='bbox 600 2456 668 2503; x_wconf 89' lang='lat' dir='ltr'>officii</span> <span class='ocrx_word' id='word_1_208' title='bbox 684 2455 734 2500; x_wconf 86' lang='lat' dir='ltr'>eui-</span> 
     </span>
     <span class='ocr_line' id='line_1_32' title="bbox 63 2516 734 2586; baseline -0.015 -15"><span class='ocrx_word' id='word_1_209' title='bbox 63 2538 135 2586; x_wconf 88' lang='lat' dir='ltr'>quam</span> <span class='ocrx_word' id='word_1_210' title='bbox 145 2523 263 2586; x_wconf 85' lang='lat' dir='ltr'>reliquum</span> <span class='ocrx_word' id='word_1_211' title='bbox 274 2523 371 2572; x_wconf 80' lang='lat' dir='ltr'>fecisse?</span> <span class='ocrx_word' id='word_1_212' title='bbox 396 2522 454 2570; x_wconf 78' lang='lat' dir='ltr'>Huc</span> <span class='ocrx_word' id='word_1_213' title='bbox 466 2521 525 2570; x_wconf 88' lang='lat' dir='ltr'>mihi</span> <span class='ocrx_word' id='word_1_214' title='bbox 535 2520 648 2584; x_wconf 78' lang='lat' dir='ltr'>ampliora</span> <span class='ocrx_word' id='word_1_215' title='bbox 657 2516 734 2563; x_wconf 87' lang='lat' dir='ltr'>multo</span> 
     </span>
     <span class='ocr_line' id='line_1_33' title="bbox 64 2583 738 2662; baseline -0.012 -28"><span class='ocrx_word' id='word_1_216' title='bbox 64 2599 126 2647; x_wconf 80' lang='lat' dir='ltr'>sunt,</span> <span class='ocrx_word' id='word_1_217' title='bbox 139 2602 212 2662; x_wconf 79' lang='lat' dir='ltr'>quam</span> <span class='ocrx_word' id='word_1_218' title='bbox 223 2587 264 2635; x_wconf 89' lang='lat' dir='ltr'>illa</span> <span class='ocrx_word' id='word_1_219' title='bbox 280 2587 339 2651; x_wconf 80' lang='lat' dir='ltr'>ipsa,</span> <span class='ocrx_word' id='word_1_220' title='bbox 356 2601 398 2651; x_wconf 85' lang='lat' dir='ltr'>pro</span> <span class='ocrx_word' id='word_1_221' title='bbox 414 2594 448 2634; x_wconf 83' lang='lat' dir='ltr'>ter</span> <span class='ocrx_word' id='word_1_222' title='bbox 465 2601 518 2662; x_wconf 77' lang='lat' dir='ltr'>quse</span> <span class='ocrx_word' id='word_1_223' title='bbox 533 2585 585 2634; x_wconf 74' lang='lat' dir='ltr'>hnc</span> <span class='ocrx_word' id='word_1_224' title='bbox 593 2583 738 2632; x_wconf 80' lang='lat' dir='ltr'>laborantur.</span> 
     </span>
     <span class='ocr_line' id='line_1_34' title="bbox 66 2649 751 2714; baseline -0.001 -17"><span class='ocrx_word' id='word_1_225' title='bbox 66 2650 169 2714; x_wconf 70' lang='lat' dir='ltr'>insigma</span> <span class='ocrx_word' id='word_1_226' title='bbox 179 2650 240 2699; x_wconf 80' lang='lat' dir='ltr'>enim</span> <span class='ocrx_word' id='word_1_227' title='bbox 253 2651 341 2700; x_wconf 82' lang='lat' dir='ltr'>n‘rtun‘s</span> <span class='ocrx_word' id='word_1_228' title='bbox 349 2665 373 2698; x_wconf 82' lang='lat' dir='ltr'>nr</span> <span class='ocrx_word' id='word_1_229' title='bbox 402 2651 428 2711; x_wconf 93' lang='lat' dir='ltr'>ti,</span> <span class='ocrx_word' id='word_1_230' title='bbox 446 2660 519 2701; x_wconf 84' lang='lat' dir='ltr'>enam</span> <span class='ocrx_word' id='word_1_231' title='bbox 537 2650 590 2701; x_wconf 82' lang='lat' dir='ltr'>sine</span> <span class='ocrx_word' id='word_1_232' title='bbox 600 2649 703 2707; x_wconf 65' lang='lat' dir='ltr'>virtute„</span> <span class='ocrx_word' id='word_1_233' title='bbox 712 2661 751 2696; x_wconf 82' lang='lat' dir='ltr'>aa·</span> 
     </span>
    </p>
   </div>
   <div class='ocr_carea' id='block_1_6' title="bbox 0 0 834 2948">
    <p class='ocr_par' dir='ltr' id='par_1_7' title="bbox 0 0 834 2948">
     <span class='ocr_line' id='line_1_35' title="bbox 0 0 834 2948; baseline 0 0"><span class='ocrx_word' id='word_1_234' title='bbox 0 0 834 2948; x_wconf 95' lang='lat' dir='ltr'> </span> 
     </span>
    </p>
   </div>
  </div>
 </body>
</html>
