1650 2948
171 171 222 219 Ao
238 144 416 223 orvnosos.
437 174 498 221 nm.
512 174 573 222 vn.
592 176 632 221 ro.
689 175 736 229 ror

65 314 125 347 mus.
143 300 237 362 Vereor,
250 318 279 350 ne
289 305 313 350 in
325 304 449 351 Cotonium
461 305 592 351 Catoninos.
610 303 648 349 iili
660 304 736 359 Galle,

63 380 120 411 uave
138 375 205 428 putes
224 369 353 431 quidquam
372 369 462 426 melius,
482 385 553 432 quam
572 368 673 431 epistolae
691 377 737 413 ture

62 437 155 492 partem
167 433 196 478 ab
208 447 234 478 eo
245 433 303 491 loco,
316 433 334 460 ‘⁴
346 441 427 480 eaetera
436 433 572 480 labuntur.'’
589 433 679 480 Secreto
695 431 739 478 hoc

64 492 135 541 audie
145 502 222 542 tecum
230 496 330 544 habetor
342 497 472 560 neApellae
483 497 586 561 quidem,
593 496 678 544 liberto.
686 503 736 554 tuo,

60 555 157 625 *uineis
176 560 264 607 Praeter
274 560 321 608 duo
331 574 382 620 nos,
393 561 496 624 loquitur
510 562 554 609 isto
567 561 638 608 modo
652 574 736 608 nemor

63 621 328 684 benemalene,videro:
347 625 394 685 sed,
404 625 518 689 quidquid
528 634 570 685 est,
581 633 685 673 nostrum
695 632 736 672 est.

64 683 130 748 Urge
139 686 227 750 igitur:
245 703 288 736 nee
298 697 452 738 transversum
464 705 567 752 unguem
579 689 651 754 (quod
658 686 735 748 aiunt)

62 765 78 795 s
88 749 156 798 stilos
174 752 268 800 isenim
282 762 315 801 est
331 754 421 802 dicendi
432 753 526 816 opifex:
544 763 614 816 atque
629 753 736 818 equidem

62 813 269 879 aliquantum'jsm
278 818 347 866 etiam
358 818 431 866 noctis
442 832 543 866 assumo.
560 819 630 867 Vale.

183 1011 251 1069 (26.)
268 1010 395 1059 CICERO
412 1013 437 1061 S.
445 1011 478 1058 Ι).
494 1008 621 1059 GALLO.

18 1194 20 1197 ι
94 1137 330 1200 (Argumntum.-
338 1140 430 1188 Herbas
440 1140 464 1187 in
476 1139 583 1203 augurali
597 1138 662 1194 coenir
672 1139 735 1188 laute

63 1202 166 1251 venditas
176 1203 221 1251 sibi
230 1206 341 1252 morbum
352 1205 455 1253 attulisse
463 1212 560 1264 narrat.)

94 1331 157 1380 Cum
168 1331 283 1380 decimum
293 1333 343 1393 jam
357 1333 418 1381 diem
429 1334 527 1396 graviter
537 1349 566 1381 ex
576 1333 690 1381 intestinis
700 1333 734 1380 is·

62 1397 176 1456 borarem,
187 1411 264 1460 neque
278 1397 315 1457 iis,
329 1397 370 1462 qui
382 1398 435 1445 mei
446 1398 515 1460 operi
525 1399 561 1445 uti
572 1399 686 1457 volebant,
697 1412 735 1444 me

78 1461 185 1509 roborem
200 1475 247 1508 non
262 1462 346 1522 volere,
366 1461 421 1525 quia
440 1462 523 1508 febrim
542 1477 589 1509 non
610 1462 734 1517 haberem

61 1475 114 1588 iugi
127 1525 152 1571 in
164 1524 342 1584 Tusculanum
360 1541 414 1574 oum
432 1525 527 1590 quidem
541 1526 641 1574 biduum
656 1524 689 1571 ita
701 1526 737 1584 ie·

58 1589 133 1649 junus
143 1589 248 1650 fuissem,
259 1599 287 1637 ut
297 1606 327 1639 ne
337 1586 423 1654 squam
435 1590 529 1654 quidem
541 1598 665 1652 gustarem.
686 1589 735 1635 Ita·

59 1663 107 1716 que
125 1653 242 1702 confectus
258 1655 369 1718 languore
384 1664 406 1702 et
424 1655 494 1713 fame,
509 1654 584 1716 magis
600 1662 668 1700 tuum
685 1651 735 1699 offi-

61 1718 124 1765 cium
135 1718 270 1777 desideravi,
282 1735 353 1783 quarn
369 1721 409 1767 abs
421 1728 443 1767 te
456 1718 542 1782 requiri
556 1716 637 1782 putavi
646 1731 735 1764 meum.

60 1781 200 1844 Egoautem
208 1798 348 1831 cumomnes
356 1786 448 1832 morbos
454 1783 585 1842 reformido,
592 1795 641 1830 tum
647 1779 734 1845 [quod]

61 1846 194 1909 Epicurum
211 1855 279 1894 tuum
295 1849 366 1896 Stetei
380 1849 441 1896 male
456 1849 580 1911 accipiunt,
599 1846 654 1910 quia
666 1846 735 1904 dieat,

59 1909 176 1972 ’δυσουρικα
194 1930 229 1957 και
250 1911 388 1973 δυσεντερικα
411 1912 466 1962 παθη
491 1912 534 1959 sibi
553 1912 649 1958 molesta
669 1926 732 1958 esse:

62 1990 162 2038 quorum
180 1975 288 2034 alterum,
308 1979 416 2024 morbum
435 1976 551 2023 edacitatis
561 1990 617 2040 ¹esse
634 1984 733 2038 putant3

61 2039 161 2087 aiterum
175 2039 244 2087 etiam
257 2041 364 2104 turpioris
377 2041 567 2103 intemperantior.
589 2042 649 2088 Sane
663 2039 735 2086 δυσεν.

61 2121 133 2163 τεριαν
144 2103 319 2166 pertimueram.
342 2105 388 2153 Sed
399 2106 447 2152 visa
461 2114 495 2152 est
506 2105 565 2152 mihi
576 2105 613 2152 vel
627 2103 672 2151 loci
682 2119 735 2150 mu-

59 2167 126 2226 tatio,
145 2169 182 2215 vel
199 2168 272 2216 animi
288 2169 355 2216 etiam
380 2169 499 2228 relaxatio,
520 2171 556 2216 vel
573 2168 623 2232 ipsa
641 2169 736 2216 fortasse

59 2232 110 2291 jam
120 2234 256 2281 senescentis
264 2233 340 2281 morbi
348 2234 458 2292 remissio,
470 2233 592 2296 profuisse.

93 2297 215 2354 Attamen,
229 2312 259 2345 ne
272 2297 362 2357 mirere,
379 2299 440 2346 unde
454 2299 498 2345 hoc
509 2297 623 2356 acciderit,
636 2312 733 2361 quomo·

60 2359 119 2408 (love
137 2362 306 2422 commiserim
324 2363 363 2409 lex
377 2362 512 2420 summarie,
531 2379 584 2426 quae
594 2362 684 2410 videtur
699 2369 735 2405 λι-

56 2441 147 2478 mm
159 2426 269 2485 attulisse,
282 2442 310 2473 ea
320 2427 378 2473 mihi
388 2427 464 2474 fraudi
474 2428 526 2474 fuit
544 2428 617 2485 Nam,
629 2425 687 2471 dum
695 2437 735 2470 vo-

61 2488 115 2536 lunt
125 2489 164 2538 isti
173 2484 232 2537 lauti
247 2491 379 2551 testinata,
393 2508 447 2555 quae
462 2491 513 2553 lege
524 2499 619 2553 excepta
630 2496 691 2541 sunt,
709 2487 735 2534 in

57 2551 172 2616 bonorem
189 2555 318 2612 adducere;
335 2555 427 2619 fungos,
446 2555 564 2611 belvelles,
585 2554 667 2600 herbas
684 2565 735 2598 om-

60 2630 110 2676 nes,
121 2616 154 2667 ita
165 2619 284 2680 eondiunt,
292 2627 320 2668 ut
328 2619 386 2667 nihil
396 2619 468 2683 possit
478 2633 527 2666 esse
538 2616 638 2665 suavius.
656 2615 687 2663 In
697 2629 736 2663 eas
