1650 2948
95 137 141 184 rot
207 133 256 181 ao
274 131 451 181 mvsasos
469 131 529 180 ma
547 110 593 182 1'v.
612 134 650 181 ιε.

100 265 171 322 (11.)
189 261 226 309 m.
244 261 454 312 nascamus
468 260 505 308 Μ.
513 260 682 312 crcanom
702 263 768 312 sn.

132 394 328 455 (Argumentum.
342 423 375 432 -
390 391 516 440 Marcellus
534 391 656 454 signifieat,
675 407 700 439 se
716 392 768 455 plus

101 458 217 507 Ciceronis
227 472 298 520 quarn
309 457 385 503 fratris
398 456 490 503 hortatu
505 465 647 503 commotum
660 455 685 502 in
703 456 770 504 causi

102 522 186 569 reditus
197 520 282 568 fuisse:
299 520 376 567 literas
394 520 465 579 enim,
476 519 625 567 restitutionis
636 520 737 578 nuntias,
748 529 769 568 ct

101 585 287 648 gratulationem,
299 593 321 632 et
332 585 458 631 amicorum
468 583 662 641 benevolentiam,
670 584 771 632 maxime

102 649 226 707 Ciceronis,
237 648 281 696 sibi
291 648 417 696 admodum
428 649 525 712 placere,
539 657 563 696 et
572 656 663 710 gratam
680 663 769 712 setnper

101 713 167 774 tore.)

134 842 267 904 Plurimum
278 842 375 890 valuisse
385 841 447 905 apud
461 855 499 888 me
510 848 576 888 tuam
586 855 677 905 semper
693 850 770 889 auem·

105 907 206 964 ritatem,
217 922 271 954 cum
286 907 311 952 in
325 905 388 953 omni
399 921 431 963 re,
445 913 496 951 turn
508 904 533 950 in
544 905 589 952 hoc
604 905 709 952 maxime
718 919 772 968 neg-

103 971 158 1029 otio,
167 970 375 1034 potesexistimare.
392 967 553 1018 cammihic.
561 969 772 1026 Marcelluafrater

104 1034 274 1082 amantissimus
287 1034 343 1089 mei,
360 1048 407 1080 non
420 1032 495 1080 solum
509 1032 632 1081 nomiliam
649 1032 722 1092 daret,
734 1032 772 1081 sed

73 1128 76 1136 -
104 1097 210 1160 precibus
218 1112 310 1170 quoque
317 1112 356 1144 me
366 1099 491 1144 obsecraret
498 1113 506 1153 3
523 1111 570 1144 non
581 1096 646 1160 prius
654 1096 714 1144 mihi
721 1112 771 1162 per·

104 1160 198 1209 suadere
216 1168 300 1222 potuit,
320 1175 391 1233 quam
409 1161 455 1208 tuis
473 1169 508 1208 cst
524 1160 632 1209 effectum
646 1160 728 1219 literis,
746 1169 772 1209 ut

104 1233 180 1273 uterer
190 1231 264 1272 vestro
276 1223 431 1287 postrssimum
447 1223 547 1273 manilio.
565 1225 614 1272 Res
624 1225 773 1289 quemadmo-

104 1287 162 1335 dum
179 1287 210 1335 sit
227 1295 285 1346 acta,
303 1297 382 1337 vestm
392 1287 464 1336 litera
477 1288 536 1336 mihi
546 1288 669 1337 declarant
687 1289 773 1339 Gratu-

104 1352 159 1400 latio
170 1352 264 1400 tametsi
275 1360 309 1399 est
322 1352 381 1399 mihi
390 1353 558 1415 probatissima,
569 1353 632 1415 quod
643 1355 673 1401 ab
683 1354 771 1417 optimo

104 1416 132 1463 st
141 1415 234 1472 animm
251 1424 329 1464 tamen
342 1416 385 1464 boc
397 1417 456 1464 mihi
473 1417 548 1464 multo
559 1417 687 1478 jucundius
699 1421 737 1471 ‘est
749 1426 771 1466 et

103 1481 286 1544 gratusquod,
299 1481 324 1529 in
342 1481 435 1528 summi
448 1481 563 1546 paucitate
572 1481 710 1540 amicorum,
721 1498 773 1546 pro-

120 1544 253 1610 inquorum,
268 1561 295 1594 ac
309 1547 495 1603 necessariorum,
509 1545 551 1608 qui
565 1561 618 1594 vere
628 1561 687 1595 meaa
704 1545 772 1601 saluti

104 1561 214 1667 laterent,
226 1617 249 1658 te
261 1610 435 1673 cupidissimum
447 1610 503 1667 mei,
517 1609 705 1674 singulamque
714 1610 772 1663 mihi
785 1616 789 1621 ”

103 1674 284 1723 benevolentiam
295 1674 432 1737 prestitisse,
444 1674 546 1736 cognovi.

136 1739 238 1801 Reliqua
248 1746 303 1785 sunt
314 1738 434 1798 ejusmodi,
446 1739 531 1801 quibus
541 1754 592 1801 ego,
604 1739 715 1801 quoniam
724 1739 772 1792 hae

104 1809 169 1850 erant
179 1809 290 1864 tempora,
305 1801 372 1849 facile
387 1810 410 1849 et
420 1819 486 1865 aquo
500 1802 579 1851 animo
589 1805 703 1851 carebam
720 1803 772 1853 Hoc

104 1880 157 1914 vero
168 1864 280 1925 ejusmodi
291 1880 339 1916 esse
348 1873 432 1926 statuo,
444 1875 479 1924 ut,
490 1867 539 1915 sine
549 1866 631 1916 talium
642 1868 773 1919 virorumet

103 1928 232 1979 amiomum
245 1930 412 1989 benevolentia,
426 1945 502 1994 neque
517 1931 542 1979 in
556 1931 650 1992 adversi
662 1932 772 1996 usquein

103 1992 204 2041 oecundlr
221 1993 315 2042 fortuni
330 1994 454 2058 quisquam
471 1994 546 2044 vivere
559 1995 637 2059 possit.
656 1996 773 2060 ltaqueiu

102 2055 147 2109 hoc
155 2073 198 2120 ego
208 2056 267 2105 mihi
277 2060 385 2122 gratulor.
403 2060 444 2107 Tu
454 2074 507 2107 vero
517 2069 544 2108 ut
554 2059 677 2122 intelligas,
684 2059 773 2111 homini

101 2121 242 2235 pyrplicissimo
259 2131 282 2170 te
299 2122 405 2173 tribuisse
421 2123 532 2184 officium,
549 2140 575 2172 re
591 2124 634 2173 tibi
652 2127 771 2189 prestabo

150 2202 170 2235 e,

92 2379 170 2439 ¹(12.)
184 2377 257 2432 SER-
274 2378 451 2430 SULPICIUS
467 2380 505 2428 Μ.
517 2378 686 2431 CICERONI
703 2382 727 2433 S·
735 2381 767 2429 Ι).

136 2507 330 2572 (Argumentum.
346 2538 379 2550 -·
392 2507 429 2555 M.
443 2508 551 2559 Marcelli
565 2508 659 2569 effidem,
671 2509 771 2573 perfeeto

96 2572 237 2622 narrationis
255 2572 369 2638 exemplo,
388 2573 421 2619 ita
439 2573 539 2630 nuntiat,
559 2583 586 2620 ut
607 2573 770 2631 antecedentia,

84 2637 177 2700 media,
192 2638 368 2706 consequentia,
380 2637 504 2688 ordinatim
514 2645 632 2700 exponatu
