1650 2948
217 158 269 206 Al)
284 158 462 209 Dlvnnsos.
481 157 540 205 lun
553 154 583 202 V.
602 158 624 202 2.
712 158 757 204 115

84 282 209 359 ignoscas:
233 296 281 336 tem
296 288 358 336 enim
371 304 422 336 sum
434 286 521 334 amicus
536 283 675 347 reipublicae,
687 302 757 348 quam

86 365 129 412 qm
141 366 250 399 inarime.

119 414 146 463 si
160 429 214 464 vero
229 431 307 465 meum
322 418 420 466 salutem
435 425 514 464 contre
528 414 591 461 illius
605 412 719 476 impetum
734 413 759 461 in

84 491 127 524 me
144 479 328 530 crudelissimum
342 481 498 535 defenderim
521 478 575 526 satis
588 477 682 537 habens,
700 477 759 526 nihil

87 542 205 593 meetiem
216 545 453 594 teeumdetuifrstris
460 543 545 605 injuriis
552 541 667 605 conquen'.
679 541 758 601 Quem

84 607 641 672 egocumcomperissem‚omnemsuitribunotbs
649 615 757 655 comtum

82 668 112 716 iu
122 684 200 719 meam
210 674 335 736 perniciem
345 689 425 738 parare
436 683 505 735 atque
515 670 636 726 meditari3
654 671 691 734 egi
701 686 755 719 cum

84 732 193 795 Claudii,
205 753 277 786 uxore
288 739 337 796 tub,
348 748 371 786 et
381 753 436 786 cum
447 736 521 785 vestr'a
531 749 606 782 sorore
616 734 706 793 Mucii,
716 751 756 783 cu-

77 797 122 858 jus
133 814 187 861 ergo
194 816 233 848 me
244 802 356 861 studium,
368 818 409 866 pro
416 801 460 849 Cn.
469 799 575 861 Pompeii
581 799 754 857 necessitudine,

81 862 165 910 multis
174 864 199 911 in
210 868 278 914 rebus
288 881 457 930 perspexeram,
472 872 500 911 ut
514 878 568 910 eum
583 864 612 909 ab
623 861 664 909 int
671 862 755 923 injurii

79 925 230 976 deterrerent
247 931 328 995 Atque
339 931 387 991 ille,
404 929 477 993 (quod
490 938 513 976 te
526 926 617 974 audisse
627 935 688 973 certo
698 926 754 985 seio)

79 990 157 1052 pridie
165 992 215 1040 Csl.
222 994 320 1043 Jnnunr.
331 995 379 1059 qut
389 994 475 1054 injuriis
485 1006 554 1039 nemo
564 1005 668 1053 unquam
677 990 700 1036 in
713 991 754 1038 uli.

81 1069 131 1117 quo
148 1057 285 1120 msgistrotu
299 1059 481 1122 improbissimus
496 1056 551 1105 civis
565 1055 659 1103 affectus
671 1065 714 1114 est,
726 1056 754 1104 ei

79 1132 122 1166 me
137 1122 255 1170 consulem
271 1123 355 1182 offecit,
371 1137 425 1171 cum
442 1121 608 1185 rempublicam
624 1119 753 1168 conservis-

78 1197 148 1239 sems
166 1193 236 1249 etque
251 1189 375 1236 abeuntem
391 1188 524 1250 magistratu
540 1185 653 1234 concionis
665 1184 753 1232 haben-

79 1246 118 1295 tlae
132 1257 245 1311 potestate
257 1252 369 1315 privavit:
387 1253 454 1312 cujus
462 1251 546 1312 injuris
553 1249 612 1296 mihi
623 1257 699 1296 tumen
710 1249 753 1296 ho·

79 1312 131 1359 nori
142 1328 236 1362 summo
246 1315 298 1363 fuit
321 1317 394 1373 Nam,
405 1331 459 1363 cum
469 1316 509 1363 ille
519 1314 578 1361 mihi
588 1313 655 1372 nihil,
666 1313 711 1360 nisi
725 1322 753 1361 nt

77 1375 192 1437 iurarem,
201 1379 356 1442 permitterem
374 1381 460 1443 magnit
466 1395 519 1427 voce
523 1377 601 1439 juravi
608 1377 751 1425 verissunum

79 1440 310 1508 pulcherrimumque
315 1444 494 1506 jusjurandum
506 1442 568 1518 quod
579 1441 679 1505 populus
689 1441 751 1490 idem

77 1505 168 1568 magni
178 1522 233 1555 voce
242 1523 281 1556 me
291 1525 343 1556 vere
351 1510 441 1570 jurbsse
448 1510 543 1568 juravit

113 1569 168 1618 Hac
183 1572 277 1634 acceptis
287 1582 335 1620 tum
351 1573 436 1635 insigni
449 1570 542 1633 injurii,
556 1578 633 1617 temen
647 1568 687 1616 illo
701 1569 752 1633 ipso

79 1631 118 1682 die
128 1634 182 1682 misi
190 1634 221 1682 nd
231 1637 356 1684 Metellum
366 1652 500 1685 communes
508 1634 601 1691 amieos,
610 1632 652 1697 qui
659 1643 752 1695 agerent

78 1712 134 1758 eum
146 1714 181 1756 eo,
193 1710 220 1747 ut
230 1700 260 1748 de
272 1701 313 1749 ille
327 1712 404 1748 mente
417 1701 539 1749 desisteret.
556 1698 650 1758 Quibus
664 1697 704 1745 ille
716 1713 751 1746 re-

78 1762 181 1825 pondit,
194 1763 237 1811 sibi
248 1780 295 1813 non
308 1781 356 1814 esse
369 1766 493 1828 integrum.
509 1764 604 1812 Etenim
618 1762 688 1827 paulo
698 1771 751 1811 unte

78 1825 104 1875 in
114 1827 223 1875 concione
235 1829 331 1886 dixerm,
348 1831 377 1888 ei,
392 1832 434 1893 qui
446 1831 471 1876 in
484 1829 541 1876 alios
556 1826 751 1875 animadvertisset

78 1888 166 1939 indicte
177 1891 253 1952 censi,
265 1893 355 1941 dicendi
369 1895 413 1957 ipsi
420 1903 554 1956 potestatem
569 1892 618 1939 fieri
629 1906 675 1938 non
683 1907 750 1954 opor-

78 1962 133 2002 tere.
158 1955 288 2004 Hominem
306 1974 400 2021 gravem
418 1967 440 2005 et
457 1958 529 2005 civem
547 1956 680 2019 egregium!
699 1957 748 2019 qui,

77 2019 126 2081 qui
135 2021 206 2082 poent
219 2031 319 2082 senatus,
335 2037 445 2070 consensu
458 2024 571 2069 bonorum
582 2021 696 2079 omnium,
711 2037 750 2069 eos

76 2083 192 2144 affecmst,
209 2086 251 2148 qui
268 2087 358 2134 Urbem
373 2086 501 2143 incendere,
521 2094 545 2132 et
560 2084 706 2148 magistratus
722 2101 749 2133 sc

75 2156 183 2196 senatum
200 2150 322 2210 trucidare,
339 2152 427 2199 bellum
440 2150 571 2197 maximum
587 2150 693 2210 conflare,
709 2165 749 2197 vo-

77 2211 183 2270 luissent,
194 2211 274 2261 eidem
290 2215 388 2278 dignum
399 2215 511 2275 judicaret
527 2230 590 2274 eum,
605 2214 647 2278 qui
660 2214 748 2262 curium

76 2275 146 2336 code,
158 2277 248 2325 Urbem
259 2278 378 2339 incendiis,
390 2280 484 2327 Italiam
495 2279 563 2338 bello,
574 2279 699 2328 liberisset

79 2386 82 2390 .
108 2341 194 2414 Imque
210 2346 253 2404 e'go
272 2343 377 2402 Metello,
399 2344 464 2392 fratri
480 2353 529 2404 tuo,
547 2344 652 2407 praesenti
670 2342 748 2391 restiti.

76 2402 141 2477 itfsm
155 2419 181 2450 m
196 2415 277 2454 senatu
293 2408 342 2455 cu.
356 2409 412 2456 Jan.
427 2409 458 2456 sic
471 2424 525 2456 cum
539 2425 566 2456 eo
579 2408 607 2455 de
621 2406 749 2470 republicis

75 2466 200 2530 disputavi,
213 2478 240 2516 ut
251 2472 351 2530 sentiret,
363 2473 408 2520 sibi
418 2488 472 2521 cum
480 2473 529 2520 viro
539 2473 593 2520 forti
603 2481 625 2519 et
635 2472 748 2519 constanti

76 2545 124 2578 esse
133 2533 296 2596 pugnandum.
312 2535 343 2583 A.
355 2536 379 2584 d.
394 2538 487 2585 tertium
504 2538 567 2584 Non.
583 2536 682 2584 Jenuer.
693 2548 747 2589 cum

73 2609 143 2656 igere
152 2597 264 2660 ooepisset,
274 2600 340 2648 tertio
351 2616 443 2665 quoque
454 2603 523 2650 verbo
533 2598 643 2650 cretionis
652 2612 701 2644 suu
710 2612 751 2645 me

72 2659 211 2722 *PPQM
230 2663 292 2714 mibi
304 2665 461 2721 minabaturz
479 2683 560 2737 neque
576 2665 615 2718 'nn
629 2662 767 2732 qumquem
