1650 2948
99 187 148 234 386
202 184 252 234 Ab
269 182 446 234 brvnnsos.
464 181 524 230 Lm.
542 181 605 231 ΧΠ.
622 184 663 231 22.

158 313 227 376 (22.)
244 312 355 362 Μ,Τ.0.
373 311 432 362 S·P.
442 309 474 359 D.
492 310 707 361 CORNIFICIO.

130 445 324 505 (Argumentum.
331 472 365 484 -
371 442 457 491 Narrat
467 439 496 490 de
506 448 568 488 statu
574 440 708 503 reipublice
718 449 766 504 post

99 508 197 556 Caesaris
211 508 344 556 interitum:
363 515 394 567 et,
409 521 439 554 ne
451 505 592 569 provinciam
604 506 654 554 sine
669 508 768 553 senatis·

98 574 203 621 consulto
214 573 297 632 trudat,
308 572 430 630 hortatur.)

133 702 183 751 Nos
193 701 233 750 hle
243 716 298 750 cum
307 699 401 749 homine
411 699 544 764 gladiatore,
556 698 665 747 omnIum
680 699 768 764 nequis·

98 766 166 826 simo,
178 767 266 830 collegi
275 774 361 825 nostro,
372 764 484 824 Antonio,
494 764 584 812 bellum
595 764 715 827 gerimus;
731 763 768 811 sed

98 846 146 880 non
156 832 207 896 pari
216 830 353 890 conditione,
365 837 444 878 comm
451 828 605 876 armnverbis.
621 829 659 877 At
665 829 734 878 etiam
740 828 767 876 de

99 904 122 945 te
132 897 292 945 condonatum
309 910 350 943 nec
360 895 471 958 impune3
487 907 544 940 nem
560 892 652 952 sendet,
669 909 727 958 quos
736 893 769 940 ln·

99 961 204 1009 cessierit.
220 960 274 1023 Ego
283 968 362 1007 nutem
378 966 429 1007 aete
443 956 473 1005 ad
483 964 506 1004 te
516 959 596 1005 omniu
611 958 711 1006 arbitror
720 973 771 1022 per-

100 1025 168 1074 scribi
177 1027 208 1073 sb
218 1025 283 1072 aliis:
300 1040 315 1071 n
325 1039 364 1072 me
373 1023 452 1079 future
462 1021 531 1070 debes
546 1037 696 1086 cognoscem
713 1037 769 1086 quo·

98 1104 152 1136 nrm
169 1087 264 1153 quidem
277 1101 325 1135 non
337 1096 372 1136 est
386 1086 483 1136 difficilis
497 1087 635 1148 conjecturs.
653 1086 769 1151 oppressa

99 1153 178 1200 omnin
198 1160 267 1209 sunt;
291 1152 333 1200 uec
350 1151 538 1210 hubentduoem
555 1151 627 1199 bonis
651 1152 770 1215 nostrique

98 1233 254 1343 ἔνθὲαννοᾶτιοῡνέ
264 1215 336 1328 lffl
343 1216 550 1328 ggirtretiumflrirbgunt
580 1216 692 1328 treantdldeit
702 1215 771 1264 sentit

144 1294 165 1339 e,
250 1295 347 1328 uro
417 1298 424 1328 ε
502 1294 614 1328 usnosr
684 1295 770 1329 useou-

100 1342 198 1392 valescit.

130 1406 196 1467 Quid
207 1407 313 1457 futurum
324 1409 361 1467 sit,
379 1409 448 1472 plane
464 1407 546 1456 nescio.
564 1408 623 1472 Spes
634 1416 713 1458 tamen
724 1424 771 1456 una

99 1481 142 1532 est,
150 1473 181 1521 ali
198 1474 275 1522 uundo
284 1474 398 1538 populum
405 1473 540 1520 Romanum
546 1474 665 1536 majorum
671 1473 771 1522 similem

99 1537 155 1586 lore.
180 1490 233 1602 ligo
243 1547 303 1588 certe
312 1537 442 1602 reipublice
452 1551 498 1584 non
510 1536 592 1584 deero:
610 1546 643 1597 et,
655 1537 770 1603 quidquid

100 1603 213 1660 acciderit,
229 1619 244 1650 a
253 1605 300 1668 qino
311 1618 363 1650 mea
377 1602 445 1665 culpo
455 1599 523 1660 absit,
535 1601 614 1649 animo
625 1601 680 1649 forti
690 1602 769 1651 feram.

100 1667 165 1716 Illud
175 1667 284 1779 ρτοίξὲω,
295 1666 371 1731 quosd
380 1674 467 1730 potero,
484 1673 550 1712 tuam
561 1665 651 1714 famem
662 1676 686 1714 et
696 1668 770 1732 digni-

100 1738 172 1779 tatem
183 1741 223 1779 tue
252 1747 271 1779 r.

131 1795 164 1842 A.
176 1796 199 1842 d
211 1795 279 1843 XIII
291 1793 404 1842 Cnlendas
415 1793 547 1853 Januariss,
559 1803 654 1844 senatus
664 1796 771 1862 frequens

100 1859 159 1906 mihi
176 1867 209 1906 est
225 1874 335 1917 assensus,
354 1873 408 1906 cum
421 1858 450 1906 de
466 1859 552 1907 ceteris
565 1862 635 1909 rebus
646 1862 740 1924 magnis
750 1871 771 1909 et

100 1923 238 1983 necessariis,
250 1933 300 1971 tum
312 1923 340 1970 de
351 1922 480 1987 provinciis,
496 1924 565 1971 abiis
576 1925 619 1988 qui
631 1926 769 1984 obtinerent,

99 1987 230 2046 retinendis,
248 2003 323 2051 neque
333 1989 441 2063 cuiquem
452 1987 575 2048 tradendis,
588 1989 634 2036 nisi
645 1991 728 2053 quiex
740 2006 771 2038 se·

99 2053 281 2115 natis-consulto
291 2062 438 2101 successisset.
456 2052 509 2100 Hoc
520 2067 562 2114 ego
573 2067 629 2100 oum
639 2054 771 2118 reipublice

99 2116 169 2164 causi
185 2117 271 2176 censui,
289 2126 341 2164 tum
356 2117 505 2176 (mehercule)
517 2116 635 2180 imprimis
649 2118 772 2166 retinendae

100 2181 218 2244 dignitatis
235 2191 289 2229 tuae.
306 2181 473 2241 Quamobrem,
485 2190 507 2228 te
520 2182 605 2229 umoris
621 2184 696 2230 nostri
706 2183 772 2232 causi

100 2261 164 2308 rogo,
176 2245 308 2308 reipublice
318 2247 387 2295 causi
396 2246 482 2306 hortor,
494 2253 521 2292 ut
537 2260 567 2294 ne
585 2247 624 2294 cui
643 2247 771 2312 quidquam

97 2310 157 2373 Juris
167 2310 192 2356 in
203 2310 244 2357 tui
259 2310 376 2373 provincii
391 2325 439 2359 esse
455 2309 556 2374 patiare:
575 2319 646 2375 atque
657 2320 686 2359 ut
696 2311 772 2360 omnia

99 2374 183 2448 referes
200 2375 230 2422 ad
247 2374 398 2438 dignitatem
416 2375 462 2439 qui
479 2374 538 2422 nihil
553 2383 629 2440 potest
646 2391 697 2425 esse
713 2392 772 2442 prte-

99 2448 204 2486 stantius

132 2504 194 2551 Vere
204 2511 282 2551 tecum
292 2519 368 2566 egam,
381 2513 408 2552 ut
418 2503 560 2552 necessitudo
572 2511 651 2552 nostra
662 2506 770 2570 postulat.

98 2569 128 2619 ln
147 2568 295 2637 Sempronio,
307 2569 395 2618 simois
412 2567 484 2616 literis
498 2570 690 2632 obtemperdsses,
707 2586 771 2618 max·

95 2638 176 2691 imam
188 2641 217 2692 ab
230 2631 546 2696 omnibusluudemadsutos
551 2648 616 2682 esses
630 2633 678 2684 Sed
685 2635 771 2684 illudet
