1650 2948
129 435 178 482 urs
235 433 285 482 nn
302 431 480 482 nrvnusos.
491 431 559 503 in.
578 432 640 480 vn.
658 432 698 480 os.

129 563 159 611 de
176 571 199 610 ee
209 561 384 624 diligentissime
398 561 488 624 scripsi,
504 558 603 626 eirnque
615 560 737 624 epistolam
747 576 800 611 eum

130 628 174 675 hae
182 626 307 688 conjunxi:
325 639 396 689 quam
407 625 446 672 ille
457 625 573 688 quomodo
580 625 701 690 acceperit,
713 635 736 676 et
745 626 800 691 quil

132 691 176 740 tibi
186 690 302 756 pollicitus
312 689 350 751 sit,
362 689 432 736 velim
440 690 471 736 ed
478 705 516 738 me
527 690 618 738 scribas.
636 690 705 739 Vale.

246 876 318 941 (er.)
343 877 471 927 cronno
488 877 596 926 curuo
612 877 638 925 s.
648 875 683 924 n.

144 1022 146 1027 ⁴
169 994 364 1070 (Argumentum.
375 1039 409 1049 -
419 1006 507 1055 Invitat
525 1007 555 1053 ad
572 1013 657 1053 mutus
675 1004 759 1063 officis,
774 1011 803 1060 et,

131 1082 165 1135 ,ut
181 1073 206 1120 in
223 1074 314 1121 Urbem
331 1080 456 1122 revertetur
468 1070 550 1119 vereris
564 1070 702 1118 urbanitatis
716 1067 805 1117 tuende

131 1138 216 1200 vesosi,
227 1145 312 1201 rogat.)

172 1267 250 1314 Facile
264 1266 370 1328 perspexi
384 1281 413 1313 ex
427 1265 473 1312 tuis
485 1265 564 1323 literis,
577 1263 650 1327 (quod
662 1277 753 1326 semper
763 1256 808 1310 siud

140 1330 193 1391 dui)
205 1339 228 1378 et
238 1346 276 1377 me
287 1347 301 1377 a
315 1341 338 1378 te
348 1329 444 1392 plurimi
454 1329 512 1389 fieri,
525 1338 548 1376 et
559 1338 581 1376 te
591 1328 728 1392 intelligere,
740 1341 809 1391 quam

141 1395 200 1443 mihi
213 1410 278 1442 carus
291 1409 356 1441 esses.
374 1393 445 1450 Quod
460 1409 513 1441 curn
530 1403 626 1456 uterque
640 1395 747 1440 nostriim
758 1407 810 1439 oon-

141 1468 232 1508 secutus
243 1467 285 1516 est,
302 1459 418 1520 reliquum
433 1466 475 1516 est,
490 1467 518 1504 ut
531 1457 611 1505 officiis
624 1467 738 1504 eertemus
754 1458 811 1503 mter

142 1538 199 1579 nos;
217 1523 302 1585 quibus
314 1537 381 1585 aequo
394 1521 472 1568 animo
486 1523 523 1570 vel
536 1522 627 1569 vineam
640 1531 672 1581 te,
688 1522 726 1569 vel
736 1521 812 1569 vincor

144 1590 225 1636 abste.
243 1587 321 1634 Acilio
338 1586 389 1633 non'
400 1585 471 1632 fuisse
485 1601 574 1633 necesse
587 1601 650 1633 meas
661 1585 712 1633 dari
726 1586 810 1642 literas,

143 1653 211 1700 focile
228 1652 310 1714 patior.
327 1650 424 1713 Sulpicii
440 1650 483 1698 tibi
503 1651 581 1713 operi,
596 1646 701 1712 intelligo
721 1665 750 1698 ex
767 1649 812 1696 tuis

144 1717 224 1777 literis,
236 1730 283 1764 non
294 1717 396 1763 multum
407 1731 465 1777 opus
475 1715 554 1772 fuisse,
569 1723 663 1778 propter
673 1723 726 1763 tuas
736 1729 772 1762 res
781 1714 813 1761 its

146 1791 281 1841 contrectas,
303 1789 338 1838 ut,
354 1779 553 1891 puemsdmodum
575 1779 663 1837 scribis,
683 1794 727 1827 nec
745 1785 812 1843 osput

146 1863 189 1896 neo
199 1847 275 1910 pedes·
289 1845 354 1907 Equi
370 1859 407 1890 eni
419 1844 511 1902 vellem,
525 1843 560 1890 uti
575 1843 644 1905 podes
656 1844 776 1903 haberent,
787 1851 813 1890 ut

147 1912 271 1976 aliquando
286 1909 375 1957 redires·
392 1907 465 1955 Vides
482 1908 544 1954 enim
560 1908 676 1955 exaruisse
686 1909 738 1969 jam
754 1916 813 1956 vete-

147 1992 196 2023 rem
215 1974 383 2029 urbanitatem
402 1980 429 2018 ut
450 1972 593 2035 Pomponius
611 1982 689 2020 noster
705 1987 748 2020 suo
763 1974 814 2035 jure

146 2041 218 2103 possit
228 2039 310 2096 dicere,

180 2126 263 2173 “Nisi
277 2125 408 2236 pppicpuupi
425 2124 564 2174 retineamus
581 2125 680 2190 gloriam
696 2128 816 2193 antiquam

357 2203 389 2235 m.

144 2284 146 2287 ’
180 2280 245 2341 Ergo
255 2278 275 2324 is
287 2278 337 2337 tibi,
349 2277 417 2327 nosei
428 2278 579 2330 succedimus.
594 2279 658 2328 Veni
667 2280 748 2343 igitur,
757 2299 819 2347 quur-

149 2360 183 2402 so,
203 2358 232 2390 ne
246 2352 323 2392 tamen
336 2358 414 2390 semen
425 2344 560 2392 urbanitatis
577 2345 626 2392 uui
636 2360 691 2394 cum
703 2346 820 2412 republiei

151 2410 253 2457 intereat.
270 2408 339 2456 Vale.

202 2602 268 2659 (32.)
291 2599 328 2648 M.
341 2599 470 2649 CICERO
487 2602 511 2650 S.
519 2601 551 2649 Ι).
568 2601 770 2655 VOLUMNIO.

146 2775 149 2782 .
186 2732 379 2791 (Argentoratum.
388 2755 421 2768 -··
429 2729 469 2777 Ex
476 2729 557 2778 Cilicii
566 2731 595 2779 P.
606 2732 737 2780 Volumnio
744 2735 821 2784 scribit

152 2799 182 2846 de
191 2797 265 2854 dietis,
283 2793 311 2842 de
323 2794 425 2855 judiciis,
443 2793 472 2842 de
485 2797 566 2858 repub.
582 2796 611 2847 de
625 2795 751 2850 Doraueus
764 2815 821 2851 non.

148 2863 209 2913 dum
219 2857 326 2929 genero.)
