1650 2948
97 185 101 189 “
153 167 607 220 Annlvnnsos.n1a.vl1.1:t.
677 172 722 217 191}

53 297 112 345 Jam
124 306 174 345 tum
186 299 244 345 mihi
260 316 307 346 non
320 302 433 362 placebas,
451 317 504 348 cum
521 301 582 347 idem
598 301 724 356 inturbare,

54 363 118 425 quod
129 373 151 410 et
165 362 277 427 [Titius]
289 365 409 411 familiaris
420 381 492 412 meus.
508 366 553 413 Sed
564 379 665 428 quonam
675 379 725 409 mo.

54 427 85 473 do
94 429 133 488 jus
146 428 212 475 civile
226 428 345 490 defendes,
358 445 411 477 cum
422 429 500 477 omnia
516 430 557 477 tuis
567 428 636 477 causi
647 428 725 486 facias,

53 505 102 547 non
123 491 228 540 civium?
238 493 295 555 ,Ubi
311 509 381 556 porro
395 494 436 542 illa
453 494 496 542 erit
509 494 610 541 formula
626 492 725 550 fiducia»,

54 557 74 584 “
85 556 121 604 Ut
130 555 190 605 inter
200 558 272 604 bonos
287 559 346 605 bene
365 559 427 620 agier
445 567 534 622 oportet
541 559 570 606 ?”
587 557 649 617 Quis
663 557 726 606 enim

54 628 99 680 est,
111 620 152 684 qui
160 620 214 667 facit
221 621 289 679 nihil,
298 621 343 669 nisi
354 623 396 670 suit
406 625 493 670 causa?
511 623 581 682 Quod
591 623 630 683 jus
642 629 727 668 statues

57 687 76 713 “
87 685 206 732 communi
216 684 369 746 dividundo,”
385 702 439 734 cum
454 702 577 734 commune
587 687 645 732 nihil
656 685 728 748 possit

57 748 179 812 caseapud
190 750 280 812 eosqui
295 750 374 798 omnia
390 752 508 814 voluptate
520 752 563 797 sui
579 750 727 796 metiuntur?

58 810 184 872 Quomodo
194 823 271 860 autem
283 814 325 862 tibi
336 815 442 878 plaoebit,
450 816 534 862 Jovem
542 814 655 876 Lapidem
665 815 729 874 jura-

57 892 92 936 re,
112 893 166 926 cum
184 877 249 936 scias,
268 878 352 926 Jovem
369 879 455 927 iratum
472 895 520 926 esse
539 878 626 926 nemini
641 879 728 939 posse?

59 941 125 1000 Quid
141 957 210 1004 porro
220 943 260 989 fiet
269 944 355 1006 populo
366 944 496 1002 Ulubrano,
505 943 525 990 si
536 941 649 1000 statueris,
667 950 730 988 ram-

57 1010 163 1055 πυεσθαι
172 1021 219 1053 non
230 1008 350 1069 oportere?
366 1008 453 1069 Quare,
465 1008 485 1055 si
495 1009 564 1072 plane
575 1024 589 1055 a
599 1005 665 1054 nobis
672 1005 730 1052 defi-

58 1069 100 1128 cis,
112 1071 208 1118 moleste
221 1071 286 1118 fero:
304 1072 339 1119 sin
357 1072 439 1120 Pansa
455 1072 565 1121 assentari
581 1070 729 1119 commodum

59 1142 102 1193 eat,
118 1134 227 1197 ignoscos
245 1135 314 1183 modo
330 1137 403 1185 scribe
418 1136 543 1201 aliquando
559 1137 590 1184 ad
606 1151 656 1192 nos,
672 1134 730 1199 quid

59 1213 129 1262 agam
147 1208 170 1246 et
180 1215 195 1247 a
205 1199 271 1248 nobis
282 1200 340 1264 quid
350 1202 400 1249 fieri
411 1212 451 1250 aut
461 1202 537 1250 curari
546 1201 610 1249 velis.
628 1201 696 1249 Vale.

116 1393 186 1453 (13.)
203 1392 241 1440 Μ.
254 1393 381 1442 CICERO
397 1394 421 1442 S.
433 1394 466 1440 D.
482 1393 672 1442 TREBATIO.

94 1519 289 1582 (Argumentum.
296 1554 329 1565 -
336 1522 466 1570 Intermissi
481 1521 600 1568 literarum
611 1520 679 1567 officii
690 1536 731 1566 ex·

63 1585 207 1634 motionem
222 1587 304 1643 affert;
322 1603 392 1650 quam
409 1602 455 1634 non
472 1585 596 1648 accipiente
612 1583 731 1643 Trebatio,

62 1649 158 1698 liberius
172 1666 215 1714 pro
225 1666 289 1700 more
297 1653 405 1713 jocatur.)

95 1777 195 1827 Adeone
204 1795 243 1828 me
252 1779 364 1842 injustum
376 1796 423 1828 esse
434 1779 577 1838 existimisti,
588 1785 616 1825 ut
626 1777 668 1825 tibi
679 1776 735 1824 iras·

64 1858 136 1900 cerm,
148 1844 210 1906 quod
218 1861 300 1907 parum
309 1845 367 1892 mihi
378 1855 483 1892 constans
494 1853 516 1891 et
527 1843 626 1890 nimium
637 1842 735 1904 cupidus

64 1906 190 1955 decedendi
206 1909 313 1968 viderere,
330 1911 360 1957 ob
372 1925 468 1972 eamque
478 1924 570 1956 causam
586 1923 625 1955 me
639 1906 735 1954 arbitra-

65 1987 115 2019 rere
126 1971 203 2019 literas
217 1973 246 2020 ad
258 1984 280 2021 te
288 1974 379 2034 jamdiu
391 1988 436 2020 non
448 1973 553 2020 misisse?
571 1972 634 2019 Mihi
645 1979 735 2034 pertur-

65 2037 129 2085 bario
140 2037 212 2083 animi
228 2038 271 2095 tui,
288 2053 359 2101 quam
377 2037 457 2101 primis
475 2037 546 2084 liten's
561 2036 735 2099 perspiciebam,

66 2101 198 2148 molestiam
209 2103 295 2149 attulit.
321 2103 405 2165 Neque
415 2103 461 2149 alia
470 2101 519 2148 ulia
530 2101 575 2148 fuit
588 2116 656 2148 causa
666 2100 737 2146 inter-

66 2164 182 2213 missionis
193 2166 348 2228 epiatolomm,
356 2167 400 2213 nisi
408 2166 479 2230 quod,
491 2165 532 2213 ubi
538 2181 605 2224 esses,
617 2165 685 2228 plane
696 2179 737 2210 ne-

68 2229 176 2288 sciebam.
194 2231 243 2278 Hic
253 2240 279 2278 tu
287 2247 326 2278 me
337 2232 406 2278 etiam
416 2231 546 2288 insimulas,
555 2245 596 2276 nec
604 2229 737 2276 satisfactio-

68 2308 122 2340 nem
133 2309 210 2341 meam
222 2295 312 2358 accipis.
333 2295 408 2354 Audi,
421 2296 492 2342 Testa
503 2295 543 2340 mi.
561 2294 647 2341 Utrum
660 2307 739 2355 snper-

68 2357 157 2405 biore‘m
165 2367 188 2406 tc
198 2360 296 2422 pecunia
305 2360 368 2418 facit,
376 2374 405 2406 an
417 2360 479 2423 quod
490 2368 513 2405 te
523 2360 646 2421 imperator
657 2371 739 2404 consu-

69 2419 116 2471 lit'?
135 2423 233 2482 Moriar,
245 2425 269 2470 ni
280 2429 343 2487 (qum
353 2433 394 2471 tua
404 2425 477 2487 gloria
488 2423 532 2484 est)
542 2432 600 2486 puto
611 2430 633 2469 te
644 2421 715 2467 malle
725 2435 740 2464 a

72 2484 163 2537 casare
180 2488 276 2548 consuli,
298 2504 370 2552 quam
391 2488 498 2536 inaurari.
527 2488 553 2536 Si
574 2501 627 2533 vero
648 2492 739 2530 utrum-

69 2566 116 2614 que
130 2560 174 2610 est,
185 2553 238 2616 quis
248 2563 271 2602 te
283 2553 348 2613 feret,
365 2562 447 2616 prater
464 2568 511 2611 me,
528 2551 570 2615 qui
585 2548 663 2598 omnia
679 2547 740 2593 ferre

71 2619 184 2680 possum?
