1650 2948
81 145 129 194 346
193 145 243 194 ΑΒ
259 143 440 195 ΒΝΕΒὸθὸ.
456 144 520 197 uu.
530 143 579 195 xl.
597 146 638 195 2⁰.

45 278 50 297 '
81 273 351 340 mmmmdatepeto.
367 270 746 338 Gmmmhbmtopmnmoi·

81 339 159 387 licium
170 339 195 387 in
208 340 376 403 rempublicam
390 353 528 396 summum
544 336 746 402 geniis‚lnon1imm

80 403 260 451 adversariorum
270 403 402 452 seditiosum
409 412 433 452 et
442 402 620 452 inertissimum.
636 401 688 450 XII
702 399 742 449 oa

80 467 142 515 lend.
153 468 213 516 Jun.
223 468 340 517 Veroellis.

80 661 150 724 (20.)
165 661 199 710 D.
210 659 528 774 BRUTUS,SIl{PDGOS.
541 659 618 711 DES-
628 659 666 710 M.
676 658 706 708 Τ.
716 655 744 707 0·

112 854 308 919 (Argumentum.
314 879 347 892 -
355 854 450 904 Timere
460 870 485 904 se
495 855 530 903 ait
539 854 658 904 Cioaronis
666 849 743 907 aaut

78 933 180 1043 pineaque
193 929 280 982 monet,
295 928 322 968 ut
339 927 499 969 veteranomm
512 918 606 969 ιιιὶιιιοι
618 918 664 968 sihi
676 915 744 966 mod·

109 1109 233 1176 Quodpro
246 1126 343 1160 menon
356 1075 547 1178 facio-Tidpsote
561 1108 745 1162 faooeemeiisin

76 1182 101 1222 te
117 1189 190 1233 amor,
209 1183 297 1240 tuaque
312 1177 388 1227 officia
405 1185 500 1242 cogunt,
514 1186 543 1226 ut
559 1177 665 1226 timeam.
685 1176 745 1239 Sept

76 1238 459 1302 enimmihieumessetdietum‚
475 1256 492 1289 n
521 1250 745 1290 ueameoontnn'·

76 1310 143 1360 tnm3
161 1305 283 1354 novissim
296 1305 375 1354 Labeo
386 1306 503 1370 Semilius,
535 1321 592 1354 omo
602 1306 649 1354 sibi
663 1303 745 1354 sindili·

75 1382 138 1428 mus,
153 1370 254 1419 narravit
267 1370 335 1429 mihi,
347 1370 410 1434 apud
427 1369 544 1420 Cesarem
561 1386 587 1420 se
599 1371 679 1430 filiast,
690 1367 746 1416 mul·

75 1440 173 1497 tumque
187 1449 315 1483 ammonem
325 1434 355 1482 de
367 1443 390 1482 te
404 1435 512 1484 habitum
526 1450 591 1483 essee
608 1435 689 1499 ipsum
699 1431 746 1482 Ce-

75 1512 149 1546 sarem
160 1497 283 1548 nihilsane
292 1499 478 1563 detequestum,
489 1499 534 1547 nisi
546 1497 675 1563 [dictum]
689 1495 745 1562 quod

75 1561 160 1610 diceret
176 1572 200 1611 te
217 1564 311 1624 dixisse,
329 1566 347 1593 “
358 1564 502 1611 laudandum
519 1563 698 1622 adolescentem,
714 1576 745 1610 or·

75 1626 188 1686 nandum,
196 1628 355 1676 tollendum=”
372 1644 396 1675 se
406 1643 452 1675 non
464 1643 512 1675 esse
522 1628 712 1686 commissurum,
722 1634 744 1672 ut

76 1692 125 1737 tolli
136 1692 214 1754 possit.
231 1693 285 1740 Hoc
299 1707 341 1754 ego
356 1692 491 1740 Labeonem
506 1691 574 1739 oredo
588 1692 625 1739 illi
638 1692 742 1747 retulisse,

75 1763 116 1801 aut
133 1755 225 1803 finxisse
240 1755 337 1813 dictum,
355 1771 402 1803 non
420 1758 449 1803 ab
464 1755 610 1804 adolescente
625 1757 743 1820 prolatum·

75 1818 200 1865 veteranos
211 1834 264 1866 vero
275 1819 373 1882 pessime
380 1820 454 1883 loqui,
463 1821 555 1868 volebat
563 1819 647 1869 Labeo
657 1835 696 1868 me
703 1834 744 1868 ore·

74 1879 136 1940 dere,
154 1890 177 1928 et
191 1881 234 1930 nui
250 1885 281 1931 ab
294 1883 323 1931 iis
338 1884 423 1932 instare
437 1885 585 1946 periculums
602 1885 744 1947 maximeque

73 1943 197 2006 indignari,
217 1947 279 2008 quod
296 1948 321 1994 in
338 1948 472 1996 decemviris
489 1963 567 2011 neque
582 1948 661 1996 Cesar
675 1962 743 2011 neque

73 2022 116 2068 ego
130 2008 204 2055 habiti
220 2026 329 2071 essemus,
345 2021 414 2076 atque
430 2012 509 2060 omnia
524 2012 555 2060 sd
570 2020 675 2060 vestrum
690 2011 743 2061 arbi·

73 2071 145 2119 trium
156 2083 230 2122 essent
241 2076 332 2124 collata.
654 2084 656 2089 “
702 2077 705 2081 ’

105 2135 164 2184 Haec
181 2153 236 2186 cum
258 2140 383 2199 audissem,
406 2149 429 2188 et
446 2142 498 2201 Jsm
519 2140 544 2187 in
566 2141 652 2189 itinere
669 2155 741 2199 esseio,

72 2200 263 2250 committendum
274 2219 320 2252 nou
332 2205 420 2268 putavi,
432 2205 495 2267 prius
506 2214 534 2252 ut
543 2204 621 2268 Alpes
631 2215 740 2270 transgre-

71 2263 144 2322 derer,
159 2280 239 2328 quam,
255 2268 312 2330 quid
327 2270 377 2317 istic
393 2278 506 2331 ageretur,
523 2268 614 2316 adrem.
637 2271 703 2318 Nam
717 2269 741 2316 de

72 2336 113 2374 tuo
123 2329 233 2391 periculo,
245 2333 311 2379 crede
320 2333 386 2391 mihi,
396 2332 519 2394 jactatione
530 2335 666 2393 verborum,
678 2343 700 2383 et
707 2334 742 2382 de·

71 2393 215 2441 nuntiatione
232 2397 336 2457 periculi,
358 2413 448 2460 sperare
466 2411 513 2457 eos,
533 2406 557 2444 te
578 2399 741 2461 pertimet'aoto‚

70 2455 213 2506 adolescente
222 2459 332 2523 impulso,
340 2478 406 2524 posse
416 2476 502 2524 magna
513 2462 624 2525 oonsequi
634 2463 740 2526 praemiat

70 2528 93 2564 et
104 2528 176 2569 totum
190 2523 258 2571 istam
269 2527 407 2574 cantilenam
422 2542 452 2574 ex
462 2526 506 2574 hoo
516 2525 625 2588 pendere,
638 2537 741 2592 utquam

65 2583 200 2646 plurimum
210 2588 270 2637 lumi
279 2589 371 2638 meiana
743 2597 748 2605 '⁴

100 2650 192 2720 Neque
209 2664 292 2705 tamen
305 2669 355 2704 non
367 2663 392 2703 te
405 2661 502 2703 eaunun
515 2655 639 2716 essendo,
652 2665 678 2704 et
691 2655 742 2704 msi-
