1650 2948
112 161 160 207 ³2⁰
240 158 290 205 AD
307 155 484 206 DIVERSOS·
499 155 561 204 bin.
571 154 621 203 xl.
640 155 661 202 la

111 297 153 333 tre
163 286 330 345 habuissemus,
342 285 413 333 nullae
423 293 498 350 partes
508 283 538 333 iis
547 284 573 331 in
584 281 704 348 republica
712 280 773 332 relin-

111 359 242 460 quecrgrxrntuz.
251 414 288 461 his
299 412 409 477 angustiis
419 427 527 470 versarer,
542 412 658 476 placitum
672 419 706 458 est
715 408 773 467 miti,

112 486 139 524 ut
149 479 288 540 postularem
298 477 435 540 legationem
446 477 543 524 liberam
557 477 627 535 mihi,
645 474 775 539 reliquisque

112 542 203 597 nostris,
214 550 242 588 ut
251 543 329 616 aliqua
339 557 406 589 causa
416 540 573 604 proficiscendi
589 541 687 589 honesta
696 552 774 602 quare·

113 613 182 651 retur.
196 605 465 668 Haasermpetraturum
471 604 591 668 pollicitus
598 612 645 652 est:
658 611 773 651 nectamen

114 669 289 732 impetraturum
301 669 402 717 confido:
414 677 478 716 tanta
488 676 522 716 est
532 668 658 716 hominum
665 665 775 714 molentis

114 742 137 779 et
154 733 226 780 nostri
240 733 362 782 insectatio.
379 733 425 790 Ac,
441 733 460 780 si
475 732 580 780 dederint
596 731 661 797 quod
715 731 720 741 “
743 744 774 787 us,

114 804 192 843 tamen
202 798 272 860 paulo
280 806 332 860 post
340 796 446 844 futumm
454 805 519 860 puto,
527 803 554 843 ut
559 796 637 844 hostes
645 797 674 857 ju
691 796 773 850 'oemun

113 869 156 906 aut
165 860 225 924 aqui
235 871 257 908 et
268 862 316 924 igni
324 860 492 908 interdicamur.
509 860 576 918 Quid
584 875 638 923 ergo
647 868 690 914 est,
698 856 774 971 fficio,

114 924 150 971 tui
161 925 266 972 consilii?
288 925 388 973 Daudus
402 932 436 972 est
450 924 514 973 locus
525 924 640 984 fortunar
658 923 699 971 eei
739 935 775 968 um

114 1003 145 1035 ex
163 987 247 1035 Italia:
265 989 412 1051 migrandum
427 988 548 1048 Rhodum,
563 996 605 1035 aut
618 988 698 1052 aliquo
714 997 775 1034 terra·

115 1067 177 1110 rum,
195 1051 297 1099 arbitror.
324 1053 350 1099 Si
366 1052 448 1099 melior
464 1068 530 1100 ceam
547 1051 627 1112 fuerit,
647 1058 776 1099 revertemur

114 1115 231 1163 Romam:
249 1116 268 1162 si
278 1115 407 1174 mediocris,
418 1117 442 1163 in
454 1116 534 1164 exsilio
544 1116 665 1164 vivemusr
685 1115 704 1164 si
713 1111 776 1179 μέν

114 1193 176 1237 rrius,
188 1179 217 1225 ad
228 1179 351 1227 novissima
361 1180 448 1227 arixilia
458 1179 628 1228 descendemus.

146 1244 267 1289 Succurret
277 1243 371 1291 fortasse
378 1243 422 1291 hoc
432 1245 482 1293 loco
493 1244 562 1292 alicui
572 1247 683 1302 vestrim,
691 1258 731 1291 cur
740 1256 776 1289 no-

115 1306 235 1352 vissimum
252 1316 342 1371 tompus
359 1310 515 1370 exspectemus
531 1307 616 1371 potius,
635 1323 706 1371 quam
722 1320 776 1355 nunc

115 1370 203 1433 aliquid
214 1371 355 1420 moliamur?
372 1372 444 1431 Quia,
460 1372 501 1420 ubi
517 1372 675 1432 consistamus,
686 1387 731 1419 non
741 1370 776 1417 ha·

115 1436 205 1493 bemus,
223 1445 305 1498 praeter
318 1437 372 1485 Sex.
391 1436 539 1498 Pompeium,
555 1444 579 1483 et
594 1437 698 1484 Bassum
713 1433 777 1483 Caci·
815 1468 819 1485 .

115 1498 189 1554 iium3
207 1499 248 1563 qui
259 1499 317 1547 mihi
327 1499 441 1559 videntur,
459 1500 503 1548 hoc
518 1500 600 1548 nuntio
610 1499 640 1548 de
650 1500 739 1548 Caeaare
748 1497 777 1546 al·

93 1562 95 1566 ’
115 1563 171 1621 lato,
182 1564 293 1612 firmiores
306 1564 386 1611 futuri.
404 1563 463 1611 Satis
477 1572 580 1626 tempore
596 1564 627 1612 ad
644 1579 681 1612 eos
694 1562 776 1612 scaeda·

116 1643 176 1680 mus,
189 1629 238 1687 ubi,
250 1625 307 1691 quid
317 1628 415 1687 valeant,
431 1628 554 1676 scierimus.
572 1628 619 1676 Pro
630 1628 709 1676 Cassio
719 1636 741 1676 et
750 1639 775 1682 te,
817 1626 819 1639 '

116 1692 136 1736 si
147 1692 204 1755 quid
214 1707 252 1739 me
268 1692 341 1738 velitis
351 1691 456 1754 recipere,
468 1692 584 1756 recipiam.
604 1693 712 1740 Postulat
722 1690 775 1740 enim

116 1755 159 1801 hoc
171 1755 262 1802 Hirtius
272 1762 299 1801 ut
309 1754 399 1801 faciam.

147 1819 215 1878 Rogo
225 1833 273 1876 vos,
291 1833 362 1881 quam
379 1819 481 1882 primum
496 1819 555 1866 mihi
571 1820 713 1868 rescribatis:
729 1833 775 1866 nam

114 1895 160 1925 non
169 1881 257 1938 dubito,
267 1882 333 1944 quin,
342 1881 378 1928 his
389 1883 417 1930 de
425 1886 501 1942 rebus,
510 1892 564 1931 ante
570 1885 662 1932 hornam
669 1892 773 1948 quamn,

114 1943 206 1990 Hirtius
218 1946 336 1993 certiorem
352 1961 390 1995 me
406 1948 436 1994 sit
450 1949 560 2006 facturus,
578 1964 650 2011 quem
666 1949 773 1996 inlocum

113 2008 233 2055 convenire
249 2010 370 2072 possimus.
387 2011 442 2071 Quo
457 2027 495 2059 me
509 2011 584 2060 velitis
600 2013 686 2072 venire,
706 2009 773 2060 rescri-

112 2069 169 2120 bite.

145 2135 200 2181 Post
211 2137 361 2184 novissimum
375 2139 447 2186 Hirtii
464 2155 601 2198 sermonem,
620 2141 731 2203 placitum
745 2144 772 2186 est

112 2197 170 2244 mihi
180 2201 303 2260 postulare,
315 2211 342 2248 ut
357 2202 434 2251 liceret
450 2204 516 2251 nobis
533 2220 581 2251 esse
592 2205 677 2252 Romae
692 2203 772 2268 publia

112 2262 232 2324 praesidi03
250 2265 312 2326 quod
329 2266 380 2313 illos
399 2269 465 2315 nobis
482 2283 626 2316 concessuros
644 2283 691 2316 non
708 2276 770 2331 puto=

113 2341 222 2388 magnam
237 2329 297 2374 enim
316 2330 425 2378 invidiam
444 2332 471 2379 iis
488 2331 612 2380 faciemus:
630 2333 690 2380 nihil
707 2341 771 2379 tamen

111 2404 157 2436 non
167 2391 330 2504 possffliandum
341 2396 430 2457 putaui,
450 2395 512 2460 quod
529 2411 623 2460 aequum
638 2413 686 2463 esse
700 2403 772 2445 satue-

113 2468 169 2507 rem.
234 2471 275 2503 ee.
