1650 2948
68 118 117 165 312
187 119 239 167 AD
257 117 437 167 DIVERSOS.
456 117 517 166 Iure.
533 117 567 167 X.
583 118 625 167 26.

67 256 90 295 te
104 247 217 311 ignorare⁴
232 257 343 312 quantam
357 247 452 296 landem
466 255 603 296 oonseoutus
616 247 663 296 sis:
679 248 735 296 mihi

68 313 142 372 crede,
156 313 287 376 proximam
302 313 397 371 Planco,
409 312 480 376 idque
495 311 569 375 ipsius
584 311 669 360 Planci
676 312 736 360 tasti-

67 377 155 435 monio‚
166 386 275 440 praeterea
288 377 352 423 sami
362 377 502 440 scientibque
516 376 632 424 omniurn.
648 375 736 435 Quam·

66 442 154 499 obrem,
167 442 186 489 si
197 441 253 505 quid
264 441 338 504 operis
348 441 391 488 tibi
399 440 469 488 etiam
477 454 540 488 nune
547 449 627 501 restat,
634 440 738 489 idmaxi-

68 520 108 551 nro
119 521 186 568 opere
200 522 280 554 censeo
291 505 482 568 persequendum.
499 505 567 564 Quid
582 505 646 554 euim
659 504 738 554 hones·

68 569 114 616 tius
124 573 135 617 i
152 580 193 618 aut
204 570 261 634 quid
271 570 365 617 honesto
375 569 582 632 anteponendum?

100 634 231 683 sinautem
245 634 387 682 satisfactum
401 634 434 680 rei
451 634 535 682 ublieae
549 642 628 698 putas,
640 633 738 683 celeriter

68 697 98 744 ad
108 698 209 756 comitio,
221 698 314 763 quando
325 707 414 745 mature
437 707 506 745 utura
520 707 585 756 sunt,
601 697 736 747 venialem

69 777 163 819 oenseor
181 762 308 811 dummodo
323 762 420 826 nequid
433 761 483 810 haec
493 762 617 811 ambitiosa
626 762 738 811 festinatio

68 825 194 875 imminuat
204 829 254 888 ejus
262 828 349 891 gloriae,
357 842 428 890 quarn
436 827 553 875 consecuti
561 842 652 875 sumus.
668 826 737 875 bruto·

69 890 189 939 clarissimi
206 892 258 950 viri,
274 907 328 939 oum
339 891 470 954 reipublicae
479 889 562 939 darent
579 907 594 939 o
700 905 737 939 an·

70 970 128 1002 num
145 956 261 1019 petitionis
273 972 321 1003 sure
335 971 382 1003 non
399 955 513 1003 obierunt.
530 956 572 1015 Qu
613 971 642 1005 ao
653 955 738 1004 facibus

69 1020 136 1066 nobis
147 1030 189 1078 est,
200 1020 263 1083 quod
274 1035 320 1068 non
332 1028 365 1067 est
375 1035 449 1067 annus
456 1019 494 1067 hic
505 1019 548 1067 tibi
558 1020 696 1079 destinabis,
705 1026 736 1077 ut,

70 1083 90 1129 si
105 1084 176 1130 edilis
192 1084 282 1147 fuisses,
301 1093 353 1146 post
371 1083 490 1132 biennium
507 1093 563 1132 tuua
579 1098 658 1133 annus
675 1091 735 1133 aaa.

71 1148 142 1194 Nune
159 1147 218 1194 nihil
230 1148 404 1210 pretermittere
420 1148 524 1196 videbere
540 1148 622 1197 usitati
637 1156 662 1197 et
677 1146 737 1213 quari

71 1210 169 1273 legitimi
195 1212 304 1274 temporis
329 1211 359 1258 ad
385 1212 518 1275 petendum.
553 1212 632 1261 Video
656 1222 736 1271 autari,

72 1275 158 1322 Planco
168 1277 269 1334 consule,
285 1276 327 1323 etsi
338 1275 407 1323 etiam
418 1277 467 1325 sine
477 1292 504 1324 eo
514 1276 615 1325 rationes
626 1276 737 1341 expeditas

70 1338 175 1397 haberes,
195 1348 272 1388 tamen
291 1339 468 1404 splendidiorem
482 1341 619 1404 petitionem
635 1338 737 1400 trum,al

72 1403 141 1450 modo
152 1404 195 1451 ista
206 1420 236 1452 en
244 1404 356 1453 sententiis
366 1405 468 1453 confecta
479 1413 561 1453 essent.

104 1467 209 1517 Omnino
227 1470 296 1533 plura
312 1485 350 1516 me
367 1470 473 1528 scribere,
490 1485 545 1517 cum
563 1478 634 1519 tuum
650 1478 736 1519 tantum

71 1533 194 1581 consilium
209 1533 370 1597 judiciumque
387 1534 424 1592 sit,
444 1532 572 1583 arbitrabar
587 1549 635 1583 non
652 1534 686 1583 ite
699 1548 737 1582 ua-

71 1614 146 1646 cesse:
165 1598 205 1646 sed
225 1608 302 1646 tamen
324 1599 460 1646 sententiam
480 1613 559 1646 meam
576 1599 620 1647 tibi
639 1599 736 1663 ignotum

71 1678 120 1710 esse
130 1663 254 1711 nolebam:
272 1665 337 1723 cujus
355 1672 389 1709 est
403 1662 453 1710 haec
467 1678 567 1720 summa,
584 1672 613 1711 ut
629 1664 736 1712 omniate

71 1727 148 1774 metiri
159 1727 269 1790 dignitate
278 1726 368 1783 malim,
380 1742 451 1791 quom
462 1727 603 1783 ambitione3
618 1729 737 1790 majorem·

73 1807 118 1853 que
135 1791 237 1838 fructum
255 1805 339 1854 ponere
355 1790 380 1836 in
398 1791 549 1854 perpetuitate
566 1792 652 1851 laudis,
670 1806 737 1857 quam

71 1855 96 1900 in
108 1855 221 1902 celeritate
238 1863 351 1929 praeturae.
370 1854 428 1902 Haee
439 1855 519 1902 eadem
532 1856 624 1905 locutus
639 1872 691 1905 sum
700 1855 738 1904 do-

71 1918 105 1964 mi
116 1934 182 1976 meae,
195 1918 297 1966 adlubito
312 1919 344 1977 Q.
355 1919 425 1967 fratre
435 1935 496 1972 meo,
507 1929 530 1967 et
541 1920 643 1979 Caeoinlr,
655 1928 679 1968 et
688 1920 738 1969 esl-

72 1981 137 2040 vlsio,
160 1982 331 2030 studiosissimis
350 1984 394 2042 tui,
416 1999 470 2031 cum
492 1983 627 2045 Dardanus,
648 1985 739 2035 libertus

72 2051 136 2105 tuus,
156 2045 279 2095 interesset.
296 2045 415 2095 Omnibus
432 2047 524 2111 probari
539 2048 660 2097 videbatur
672 2048 740 2098 orado

72 2124 140 2156 mea:
158 2111 198 2158 sed
209 2119 234 2159 tu
245 2112 332 2176 optime
339 2111 461 2174 judicabis.
478 2111 546 2160 Vale.

126 2304 199 2368 (aa.)
216 2304 255 2352 nr.
269 2306 398 2356 cronno
414 2307 439 2356 s.
448 2305 481 2355 1).
500 2307 527 2355 c.
544 2306 690 2357 runnro.
740 2282 744 2289 ’

106 2433 303 2495 (Argumentum.
317 2462 349 2470 -
360 2434 410 2484 Scri
426 2444 485 2484 serat
492 2435 675 2495 Fumius‚sead
684 2448 741 2483 eom·

71 2497 113 2544 itia
146 2497 236 2546 raetoria
251 2507 383 2548 venturum.
425 2500 526 2550 iasuadet
543 2500 633 2562 Cicero,
645 2498 741 2550 eomitis-

71 2576 119 2627 que
129 2514 202 2613 dileto
217 2562 349 2627 significat.)
