1650 2948
210 121 261 170 AD
276 122 454 173 Dlvffltsos
472 125 532 172 hle.
550 126 580 174 V.
597 127 620 172 4.
705 129 749 182 117

78 251 189 299 laboravi.
211 251 299 300 Moneo
314 254 338 299 in
355 255 479 312 voluntate,
497 264 528 313 et,
545 255 621 317 quoad
637 257 697 303 voles
715 268 748 315 tu,

78 318 235 378 pennaneb03
247 318 359 380 citiusque
367 334 443 366 amore
451 319 486 364 tui
497 318 590 366 fratrem
601 329 668 366 tuum
677 320 750 370 odisse

78 381 193 440 desinam,
203 397 274 445 quom
284 383 347 429 illius
357 383 409 429 odio
420 383 547 447 quidquam
557 384 587 432 de
594 385 673 433 nostrl
682 387 751 434 bene·

79 445 182 495 volentis
192 445 319 495 detraham.
337 446 404 495 ane.

112 643 170 703 (3.)
186 643 219 702 Q.
229 641 417 694 METELLUS
428 644 507 694 NEP.
523 646 587 696 S.D.
603 647 642 696 Μ.
650 649 681 698 Τ.
688 650 717 700 0.
746 669 755 691 ¹

110 769 308 831 (Argumentum.
317 797 349 807 -
360 770 399 820 De
414 770 558 820 oontumeliis
574 771 694 832 cujusdem
708 786 750 819 ne·

74 834 168 881 cessaxii
184 836 237 900 (qui
253 837 281 884 P.
294 835 388 884 Clodius
399 836 489 884 videtur
503 835 583 893 finisse)
598 835 710 898 queritur,
724 835 750 883 in

76 899 146 958 cujus
156 899 206 947 looo
221 899 364 960 Ciceronem,
375 900 454 949 officiis
464 906 617 962 perspectum,
633 897 677 946 sibi
686 907 751 962 optet

78 976 144 1021 esse3
162 979 232 1028 aquo
242 973 310 1028 pent,
321 972 348 1012 nt
360 964 543 1014 benevolentiam
552 971 686 1024 conservet.)

109 1091 221 1142 Hominis
234 1093 425 1156 importunissimi
437 1093 590 1154 contumelio,
604 1092 689 1156 quibus
699 1108 749 1141 ere·

74 1157 123 1206 bris
134 1159 332 1211 ooneionibussme
346 1166 433 1218 onerat,
448 1158 495 1206 tuis
507 1174 561 1222 erga
573 1173 612 1205 me
626 1157 705 1206 officiis
715 1157 750 1206 le-

74 1222 189 1280 niuntur;
207 1232 238 1283 et,
252 1233 279 1272 ut
295 1231 349 1271 sunt
364 1224 425 1272 leves
439 1225 469 1271 ab
486 1222 600 1284 ejusmodi
613 1221 716 1282 homine,
731 1239 749 1274 ,ι

75 1301 115 1334 me
127 1287 301 1350 despiciuntur3
318 1288 469 1352 heenterque,
484 1287 626 1336 commutati
640 1287 748 1351 pomoni,

75 1359 99 1398 te
109 1352 170 1399 mihi
178 1352 255 1401 fratris
269 1353 320 1400 loco
334 1368 382 1400 esse
392 1352 459 1400 duco.
477 1351 516 1400 De
525 1352 567 1400 illo
577 1367 607 1398 ne
617 1350 748 1399 meminisse

74 1416 171 1480 quidem
183 1418 243 1477 volo,
260 1417 351 1465 temetsi
364 1418 400 1465 bis
415 1432 469 1464 eum
482 1416 582 1463 invinm
595 1415 689 1464 servavi.
710 1414 749 1462 De

74 1481 134 1530 mdo
144 1484 222 1540 rebus,
233 1496 263 1530 ne
271 1482 335 1530 vobis
345 1481 494 1529 multitudine
503 1480 625 1528 literarum
633 1479 749 1527 molestior

76 1560 158 1607 essem,
170 1546 201 1594 ad
211 1546 317 1594 Lollium
327 1546 447 1610 perscripsi
456 1562 464 1602 ;
480 1545 510 1592 de
520 1544 645 1592 rationibus
656 1543 749 1606 provin·

74 1610 115 1658 oiae
126 1611 185 1675 quid
196 1611 279 1686 vellem
289 1611 346 1686 lieri,
361 1619 388 1686 ut
398 1611 419 1658 is
430 1625 470 1684 vos
483 1609 572 1684 flooeret
585 1616 608 1655 et
618 1622 750 1655 oommone-

75 1674 221 1789 tent
231 1676 546 1790 egelensem
560 1682 626 1721 ‘m
641 1686 696 1735 “⁸³

76 1941 130 2004 (4.)
141 1936 214 1988 sic.
229 1939 291 1988 sn.
302 1940 334 2000 Q.
343 1940 512 1990 omnimo
524 1939 665 2002 ΝΕΡοΤΙ,
677 1940 748 1991 cos,

106 2069 304 2130 (Argumentum.
312 2096 344 2105 —
352 2070 428 2118 Exsul
442 2085 510 2133 opem
521 2070 630 2134 imploret
639 2071 747 2133 consulis,

73 2141 99 2181 et
109 2133 247 2182 memoriam
257 2135 361 2182 beneficii
370 2135 509 2198 pollicetur.)

106 2262 194 2310 litere
210 2261 295 2321 Quinti
305 2264 389 2322 fratris,
405 2272 428 2312 et
445 2264 476 2312 Τ.
488 2265 619 2329 Pomponii,
631 2266 750 2315 necessarii

75 2327 131 2385 mei,
142 2334 235 2374 tantum
246 2328 294 2391 spei
305 2328 422 2386 dederant,
434 2331 494 2377 utin
506 2340 529 2378 te
539 2346 585 2378 non
596 2331 674 2379 mitius
682 2331 749 2378 euxi-

35 2410 37 2415 ·
74 2391 109 2450 lii,
128 2391 244 2454 quamtis
260 2393 413 2456 tuosscollegi,
430 2395 488 2442 mihi
504 2396 653 2444 constitutum
669 2395 746 2442 fuerit

75 2455 248 2519 Itaquelliteras
263 2458 292 2505 ed
305 2466 328 2506 te
344 2459 421 2506 statim
434 2460 501 2517 misi3
519 2476 560 2523 per
574 2476 642 2523 ques,
654 2464 691 2512 (ut
702 2460 748 2504 for-

74 2527 132 2568 tuna
150 2521 291 2583 postulabat)
311 2531 334 2573 et
349 2525 433 2585 gratias
451 2525 494 2572 tibi
511 2525 555 2586 egi,
576 2533 599 2571 et
615 2524 644 2571 de
659 2524 749 2583 reliquo

74 2591 178 2648 tenpore
188 2585 302 2633 milium
313 2587 376 2650 petii.
399 2589 483 2636 Postea
496 2589 555 2636 mihi
565 2602 612 2636 non
624 2596 674 2634 tem
683 2600 747 2632 meo-

72 2667 127 2703 rum
139 2651 219 2711 litero,
231 2667 301 2714 quam
317 2667 436 2704 sermones
454 2669 538 2705 eorum
552 2653 599 2720 qni
606 2653 658 2703 lmo
667 2650 716 2700 itet
724 2649 765 2699 io·
