1650 2948
63 131 112 181 392
169 125 219 174 ΔΙ)
234 118 412 171 DIVIiRSOS.
430 117 567 167 ura-2111.
584 120 625 167 28.

66 257 181 306 tribunum
191 251 352 314 intelligerem,
363 263 434 312 quam
445 262 488 310 ego
499 256 523 294 te
533 247 644 297 auderem
654 262 740 312 rogare.

67 318 169 370 Audebo
181 326 272 365 tament
290 314 336 362 reio
350 312 421 371 enim,
449 319 548 360 uantum
566 311 675 375 ponderis
691 328 741 360 men

68 380 236 436 mmmmdnn'o
252 378 282 426 ait
294 377 408 425 habitura.
468 392 508 425 are
521 383 569 425 ate
583 385 646 440 peto,
662 386 698 437 ut,
713 377 742 425 ad

69 463 121 497 eom
142 444 311 499 liberalitatem,
330 441 379 505 qui
394 440 443 488 eine
463 439 522 488 meis
541 440 615 490 literis
635 457 693 490 uaue
709 457 741 502 es,

70 526 143 576 qnam
157 508 284 567 maximus,
297 506 335 554 hia
347 505 428 565 literis,
441 505 550 552 cumulus
564 505 665 554 atoedat.
698 506 743 554 Ca=

70 584 116 687 ppt
136 583 215 622 autem
236 579 270 620 eet
287 586 345 618 mere
365 569 580 628 commendationis,
604 584 635 630 ne
657 569 742 634 patiare

95 647 168 687 rotem
179 635 290 694 Turium,
301 633 333 693 Q.
344 633 413 681 Turii
421 633 539 693 libertum,
550 637 589 688 (ut
596 634 674 683 adhue
681 635 743 693 feeit)

71 702 228 751 haereditatem
239 698 367 748 Turianam
384 705 501 754 averteret
518 699 653 763 caeter-inque
670 699 744 747 onmi-

72 768 117 815 but
133 767 202 813 rebur
214 764 299 812 habeat
312 778 350 811 eoa
363 761 607 811 nommeudatistimoa.
628 762 744 827 Magnam

73 844 103 878 ex
113 844 194 878 eorum
299 841 324 876 re
331 834 354 876 et
361 824 503 875 observantie
511 827 587 891 capies
593 827 744 904 voluptatum

73 893 145 954 Quod
156 901 208 941 ntv
231 893 237 904 '
269 891 447 942 tevehementer
458 890 529 940 etiam
544 899 616 957 atque
626 901 698 944 enam
708 907 745 941 ro·

97 1147 169 1212 (er.)
187 1147 225 1195 Μ.
236 1146 267 1197 r.
280 1145 308 1196 c.
325 1148 350 1196 s.
363 1148 391 1196 r.
403 1147 435 1196 u.
452 1147 484 1209 Q.
500 1145 723 1198 conumrcro.

109 1279 304 1344 (Argumentum.
311 1305 342 1316 —
350 1279 451 1341 Aufidii,
462 1278 547 1343 equitio
557 1278 670 1342 Romani,
682 1278 748 1332 Afri,

77 1357 134 1393 tana
144 1343 236 1408 negotia
246 1342 412 1405 oommeudnt)
489 1381 493 1395 f

109 1471 194 1531 Serrtue
204 1471 315 1524 Aufidius
327 1480 350 1520 et
362 1470 514 1532 observandi,
527 1473 576 1536 qui
586 1488 626 1522 me
637 1472 700 1534 nolit,
712 1489 750 1522 ae-

77 1535 137 1584 oedii
146 1537 177 1583 ad
186 1538 318 1599 proximosr
336 1546 360 1584 et
369 1537 489 1611 splendore
500 1537 573 1600 equiti
584 1538 695 1586 Romano
709 1554 750 1586 ne-

78 1601 136 1648 mini
151 1601 218 1649 cedit.
234 1603 279 1650 Est
293 1609 371 1649 autem
385 1610 418 1648 rte
431 1602 563 1665 temperatis
577 1603 749 1666 moderatisque

78 1664 189 1723 moribus,
203 1676 231 1714 ut
246 1681 337 1714 summa
350 1665 456 1713 severiter
470 1666 563 1714 summi
574 1683 629 1714 cum
640 1667 750 1715 humaui-

77 1735 124 1776 tate
132 1731 251 1791 jungatur.
269 1730 343 1790 Cujus
353 1729 395 1795 tibi
406 1729 505 1792 negotia,
517 1747 571 1794 quae
581 1740 637 1779 sunt
648 1732 673 1778 in
684 1732 752 1780 Afri·

78 1792 114 1850 cit,
132 1793 165 1840 ita
183 1794 326 1845 commendo,
346 1803 373 1840 ut
389 1796 477 1854 majore
494 1795 579 1854 studio,
596 1797 704 1858 magisve
723 1812 751 1843 ex

78 1855 164 1913 anino,
179 1857 338 1904 commendere
355 1871 402 1904 non
416 1859 510 1920 poesim.
536 1859 677 1922 Pergratum
691 1861 751 1907 mihi

77 1919 163 1977 feceris,
176 1921 194 1966 si
205 1920 292 1968 dederis
303 1936 405 1983 operam,
416 1930 443 1969 ut
454 1923 473 1970 ie
483 1922 605 1987 intelliget,
614 1939 680 1973 meas
688 1925 751 1989 apud

78 1991 101 2031 te
110 1982 187 2030 literas
199 1985 331 2032 maximum
345 1985 437 2050 pondua
451 1987 565 2036 habuisse.
582 1987 638 2037 Hoc
648 1997 672 2036 te
683 1990 752 2038 vehe-

78 2054 174 2107 menter,
186 2049 220 2096 mi
231 2050 347 2110 Cornifiei,
358 2065 421 2113 rogo.
437 2050 505 2099 Vale.

105 2238 174 2303 (28.)
192 2241 229 2291 M.
241 2243 272 2290 T.
284 2243 312 2291 C.
328 2245 353 2293 S.
364 2245 394 2292 P.
405 2244 438 2292 D.
454 2243 487 2302 Q.
502 2243 723 2297 CORNIFICIO.

111 2370 420 2433 (Argumentum-Quod
440 2373 578 2424 Cornificius
593 2373 620 2422 in
640 2391 687 2434 eon,
711 2377 752 2440 qui

78 2432 183 2497 Irilybaeo
193 2436 275 2485 minati
284 2437 383 2495 fuerant,
399 2454 445 2486 non
456 2438 658 2498 animadverterat,
672 2441 762 2489 leviter*

77 2500 235 2558 reprehendit:
253 2512 331 2550 eontra
341 2503 421 2551 laudat
431 2506 481 2565 ejus
489 2504 514 2550 in
522 2504 693 2567 rempublicam
705 2514 755 2554 stu·

61 2576 63 2583 ’
75 2559 157 2615 diua:
176 2565 240 2616 addit
250 2566 279 2616 de
286 2567 384 2631 pecunie
392 2576 415 2615 et
425 2569 454 2616 de
465 2567 602 2632 republioi.)
