1650 2948
177 135 229 184 AD
245 134 422 186 mvnltsos.
440 135 500 184 Irin.
518 135 592 184 VIII.
610 138 633 191 7.
693 137 741 182 225

106 264 232 327 Pompeius
251 265 333 313 dicitur
349 265 415 312 valde
431 282 472 328 pro
491 266 571 328 Appio
588 267 698 322 laborare,
717 274 743 310 ut

74 329 141 375 etiam
162 338 243 392 putent
259 331 394 376 alterutrum
414 330 441 376 de
459 331 510 376 filiis
527 331 556 376 ad
575 339 596 376 te
611 330 742 376 missurum.

74 394 123 440 Hic
139 408 182 440 nos
200 409 280 441 omnes
297 394 451 441 absolvimust
469 403 492 441 et
509 395 624 453 (hercule)
642 394 744 441 consede

73 458 159 517 omnis,
171 457 239 516 foeda,
251 467 274 506 et
283 458 404 506 inhonesta
413 467 474 506 sunt.
491 459 602 507 Consules
612 465 691 506 sutem
700 457 744 504 ha·

73 522 155 569 bernus
166 520 258 569 summi
265 522 398 584 diligentiis:
416 522 491 570 adhuc
501 523 742 583 senatus-oonsultum‚

73 585 117 633 nisi
127 585 157 634 de
167 585 229 633 feriis
240 586 338 646 latinis,
350 586 442 633 nullum
450 586 529 635 farere
560 596 661 636 tuerunt.

105 649 204 699 Curioni
213 661 290 698 nostro
299 651 430 698 tribunatus
439 651 571 714 oonglaerat
587 651 632 700 Sed
642 651 742 699 dicinon

73 722 157 778 potest,
169 714 285 777 quomodo
298 715 426 762 hleomnia
440 717 538 776 jaceant.
561 716 615 763 Nisi
631 731 672 778 ego
687 728 742 762 cum

74 779 210 858 tabernariis
220 789 243 826 et
252 778 352 842 aquariis
361 794 499 842 pugnarem,
511 787 615 826 veternus
627 779 744 826 eivitaaeur

72 842 744 971 ammonitu
772 902 779 921 ‚.

73 971 114 1020 nia
121 973 222 1033 jsoeant,
233 972 309 1034 potuit
319 972 367 1018 sine
378 972 477 1020 Parthis
495 971 596 1019 Bibulus
608 971 633 1018 iu
647 970 743 1018 Amano

73 1034 151 1085 neseio
160 1036 219 1100 quid
232 1035 425 1084 oohortiaularum
435 1036 519 1084 arrisit
544 1035 598 1084 Hoc
608 1036 640 1085 sic
649 1034 743 1083 nuntia

105 1164 180 1224 Quod
189 1164 232 1212 uti
242 1180 312 1228 supra
322 1165 408 1230 scripsi,
427 1164 551 1214 Curionem
562 1163 628 1213 valde
641 1163 740 1228 frigam

70 1229 124 1291 jam
134 1230 207 1277 calet:
222 1244 277 1277 nam
284 1229 447 1277 ferventissime
457 1230 605 1294 concerpitur.
615 1229 743 1277 Levissime

74 1293 148 1352 enim,
159 1294 215 1357 quia
225 1293 254 1341 de
263 1293 417 1342 intercalando
427 1309 474 1342 non
484 1295 621 1352 obtinuerat,
641 1293 743 1342 transfu-

72 1357 109 1421 git
119 1358 150 1406 ad
160 1358 283 1422 populum,
299 1369 322 1414 et
331 1374 373 1434 pro
383 1359 473 1406 Casare
482 1358 547 1422 loqui
557 1358 638 1420 caepit:
655 1358 743 1421 legem-

73 1437 121 1487 que
131 1422 245 1482 Virrium,
257 1436 303 1469 non
313 1423 447 1470 dissimilem
457 1422 563 1484 Agrariae
570 1421 646 1481 Rulli,
658 1429 681 1468 et
688 1422 744 1470 Ali.

73 1486 221 1543 monterium,
239 1503 292 1551 qua
302 1488 369 1548 jubet
383 1487 459 1534 aediles
474 1485 558 1544 metiri,
572 1486 672 1545 jactavit
690 1485 744 1534 Iloo

73 1550 181 1599 nondum
188 1550 280 1609 fenerat,
287 1566 341 1598 oum
348 1551 447 1614 priorem
453 1558 542 1612 partem
549 1549 650 1612 epistole
656 1549 742 1622 scripsi.

106 1616 203 1663 Amabo
213 1624 244 1674 te,
253 1615 272 1662 si
283 1615 348 1678 quid,
357 1614 419 1676 quod
425 1629 483 1676 opus
491 1613 569 1671 fuerit,
577 1612 659 1675 Appio
666 1611 743 1672 funes,-

74 1679 156 1745 ponito
167 1678 239 1726 mein
251 1679 331 1741 gratia
348 1678 386 1726 De
396 1677 519 1726 Dolabellia
529 1677 644 1739 integrum
655 1675 698 1723 tibi
708 1692 744 1724 re·
801 1708 802 1711 =

75 1758 160 1801 senes,
172 1742 264 1790 suadeo.
280 1743 314 1790 Iit
323 1743 378 1790 huic
388 1743 430 1799 rei,
441 1743 470 1790 de
480 1742 528 1806 quia
538 1741 628 1805 loquor,
637 1748 660 1788 et
667 1739 743 1804 digni-

73 1808 117 1856 tati
128 1815 182 1864 tua,
200 1807 358 1871 aequitatisque
368 1807 478 1870 opinioni,
494 1807 538 1854 hoc
548 1806 581 1853 ita
590 1805 663 1852 farere
673 1820 701 1852 er

73 1872 116 1920 dit.
141 1871 223 1986 'Ix'yurpe
233 1871 275 1919 tibi
290 1871 340 1932 erit,
351 1872 473 1935 pantheras
484 1871 576 1918 Grecos
586 1884 625 1918 me
638 1883 685 1918 non
717 1886 742 1918 a·
756 1872 783 1931 'uf

71 1939 133 1986 bere
173 1937 216 1984 ale.

193 2124 247 2189 (7.)
264 2125 397 2187 coenws
413 2123 581 2173 CICERONI
597 2125 622 2173 S·

106 2255 301 2317 (Argumentum.
308 2285 343 2298 -
350 2254 413 2316 Quia
423 2253 496 2318 pridie
509 2252 634 2316 scripserat,
644 2249 743 2325 breviter

73 2333 135 2368 nova
144 2319 251 2383 quedam
262 2319 384 2366 annuntiat
393 2319 422 2366 de
432 2318 519 2381 nuptiis
528 2317 645 2365 Cornificii
656 2315 743 2390 etjilroe

73 2383 200 2444 Orestilla,
211 2384 240 2431 de
248 2384 328 2432 Paulae
338 2382 443 2443 divortio,
452 2383 481 2430 de
491 2381 578 2431 Ooellse
588 2375 725 2438 adulteriis.)

33 2545 36 2551 ·
105 2512 186 2572 Quam
196 2512 242 2561 sito
253 2519 278 2559 tu
291 2512 358 2560 istinc
372 2475 478 2559 deo—edere
492 2510 578 2574 cupias,
594 2508 682 2555 nescios
700 2521 743 2568 ego

91 2577 170 2624 uidem
185 2593 213 2625 eo
225 2577 308 2639 magis,
323 2591 370 2639 quo
384 2575 459 2623 adhuc
475 2573 563 2622 felisius
581 2585 630 2618 rem
646 2569 743 2630 gessisti.

73 2593 140 2691 {um
151 2640 203 2689 istie
213 2640 264 2699 eris,
282 2640 311 2689 de
321 2639 376 2690 belli
387 2637 492 2689 Parthici
506 2635 609 2703 penitudo
618 2632 749 2695 murnai„
