1650 2948
67 99 119 199 :icc
181 145 232 196 AD
248 139 426 199 nivnnsos.
443 139 506 191 hin.
521 139 573 191 xi.
586 136 627 195 28·

71 275 202 325 modumie
217 289 282 338 rogo,
296 281 325 322 ut
340 286 390 325 rani
404 269 518 335 peiorem
534 269 638 319 oratione
654 269 729 325 ᾱιιιιι

71 335 481 412 mihiquasisentisexpedireiecta
494 335 555 394 fieri,
567 334 731 393 medasnnhsii

71 403 259 452 communionem
269 416 323 449 cuin
332 399 444 464 improbis
454 415 503 447 esse
512 414 589 462 posse.

105 469 156 526 An,
168 466 231 530 quod
247 465 375 513 adolescens
391 463 497 528 prestiti,
514 479 571 511 cum
585 462 654 511 etiam
669 477 732 511 erran

73 547 128 580 cum
137 531 280 579 excusatione
290 543 390 592 possem,
397 528 423 575 id
432 542 504 586 nunc,
516 536 585 576 oetste
611 527 731 591 incipitin,

74 592 575 656 commutemstcmeipserctcxathon
599 593 686 640 acinini
701 606 733 639 na

75 674 130 722 que,
142 658 205 721 quod
214 657 340 720 displiceat,
354 656 508 715 committam,
518 663 673 720 preterquam
681 654 734 720 quod

75 721 176 771 hominis
186 721 245 769 mihi
254 720 433 783 conjunctissimi
443 719 522 768 scviri
532 720 734 784 amplissimimis

75 801 169 848 giivem
180 801 266 834 casum.
283 784 354 844 Quod
364 784 383 833 si
393 784 459 832 aliter
470 785 676 845 esscmnnimsois,
686 797 736 832 nuo·

77 865 159 913 quam,
170 850 233 913 quod
249 850 355 908 hierem,
372 863 496 911 negarem
514 858 582 897 nect
597 849 623 896 in
634 847 736 912 mando

78 913 207 977 improbus,
214 923 237 962 et
244 915 270 962 in
276 912 441 962 dissimulando
447 911 544 961 timidus
552 927 665 976 acvanns,
671 911 737 961 existi·

79 992 162 1026 maier.

112 1041 148 1089 At
157 1041 232 1100 ludos,
244 1057 302 1104 quos
313 1039 408 1089 cesaris
418 1040 518 1089 victorie
531 1040 612 1090 Caini
621 1041 739 1090 sdoloeoaii

79 1105 141 1163 fecit,
152 1105 237 1153 curavi.
259 1106 296 1152 At
311 1104 337 1152 id
355 1105 386 1153 ad
399 1105 516 1169 privatum
530 1105 644 1166 officium,
659 1120 704 1154 non
716 1103 741 1152 iii

1 1194 2 1202 ι
79 1176 165 1216 statum
175 1168 314 1231 reipublice,
330 1168 436 1232 pertinet.
452 1168 525 1228 Quod
538 1178 620 1218 tamen
629 1176 741 1219 minnist

78 1231 179 1280 hominis
191 1232 324 1281 amicissimi
338 1233 455 1282 memoriis
465 1242 536 1297 itque
550 1234 677 1283 honoribus
692 1249 741 1298 pie-

80 1304 147 1371 stare,
161 1295 231 1371 etiem
245 1297 341 1372 monui,
355 1297 440 1354 debui3
458 1306 481 1344 et
493 1297 591 1361 optima
600 1299 651 1362 spei
664 1299 742 1346 adoles·

80 1360 744 1491 htvhffiht‘thhfffisshh

80 1487 146 1537 tandi
156 1489 240 1547 cousi3
257 1489 287 1537 nd
295 1505 374 1553 qun,
385 1489 475 1564 quinia
485 1505 571 1564 parum
581 1491 664 1554 μω
673 1505 744 1540 amm.

82 1561 131 1601 teni
139 1569 187 1603 asse
196 1553 336 1613 existimant,
347 1562 443 1616 rogandi
452 1553 549 1616 qmdem
559 1555 652 1618 aliquid
661 1564 701 1604 aut
709 1570 744 1603 sii·

82 1617 170 1666 ferendi
180 1619 256 1678 causi,
267 1618 396 1680 frequentas
407 1617 516 1665 ventitare
594 1619 599 1629 “

81 1745 88 1756 ¹
107 1682 280 1809 melino
290 1681 538 1744 estanogantis,quod
566 1698 745 1748 aessrniinqnam

80 1759 106 1792 ni

81 1809 130 1872 ipse
140 1823 186 1856 non
197 1808 315 1870 diligebat,
332 1816 410 1856 tamen
426 1808 455 1857 iic
469 1817 561 1867 uterer3
579 1827 627 1871 eos,
644 1813 686 1876 qui
695 1812 746 1860 mihi

79 1872 182 1920 amicum
190 1871 330 1935 eripuerunt,
342 1873 455 1936 carpendo
465 1888 512 1932 mc,
524 1873 614 1923 afficere
621 1877 707 1937 conari,
713 1891 746 1935 ne,

82 1951 140 1999 quos
156 1935 235 1994 veliin,
246 1935 362 1998 diligam?
379 1937 425 1984 Sed
440 1951 488 1987 non
503 1953 592 1998 vereor,
603 1954 636 1989 ne
645 1949 686 1988 sut
696 1955 747 1988 mee

82 2000 135 2047 iitae
143 1998 254 2046 modestia
268 2015 352 2063 porum
362 2001 460 2049 valitura
470 2001 500 2049 sit
509 2001 534 2049 in
545 2011 667 2066 posterum
678 2013 749 2054 contis

82 2062 151 2110 falsos
161 2077 279 2121 rumoras3
296 2074 337 2112 out
347 2079 376 2113 ne
388 2064 457 2113 etism
467 2065 493 2124 ii,
504 2066 547 2130 qui
557 2082 597 2115 me
607 2082 657 2117 non
666 2077 748 2128 amant,

81 2142 124 2190 pio
141 2134 175 2174 ter
185 2141 262 2174 ineam
272 2128 297 2175 in
308 2128 422 2177 Cesaram
434 2130 595 2190 constantiam,
607 2146 658 2181 non
672 2134 749 2181 molini

82 2205 109 2238 m
140 2205 212 2254 quam
222 2192 258 2239 sui
269 2192 354 2241 similes
368 2193 452 2241 amicos
464 2193 557 2242 habere.
581 2196 649 2244 Mihi
660 2198 749 2262 quidem

83 2254 191 2317 sioptstn
201 2255 341 2318 contingant,
353 2257 416 2320 quod
425 2257 542 2333 reliquum
553 2267 588 2308 est
598 2260 662 2323 vitae,
673 2262 699 2310 in
708 2261 750 2311 otio

84 2318 164 2366 Rhodi
174 2318 270 2381 degam:
288 2320 323 2368 sin
334 2335 398 2369 cesus
408 2321 491 2386 aliquis
501 2321 664 2388 interpelliiiig
674 2325 708 2375 its
716 2339 751 2375 em

84 2382 176 2442 Rome,
188 2390 215 2430 ut
224 2390 284 2431 recte
295 2383 343 2432 fieii
354 2400 444 2448 semper
454 2386 556 2450 cupiam.

117 2446 226 2495 Trebatio
241 2455 318 2495 nostro
333 2463 430 2511 magnas
445 2466 489 2513 ego
504 2452 599 2513 gincius,
611 2455 677 2518 quod
687 2463 750 2503 tuum

81 2525 137 2573 ergo
147 2526 185 2558 me
195 2511 299 2560 animum
310 2512 439 2576 simplicem
452 2523 522 2578 atque
532 2517 639 2566 amicum
649 2519 749 2583 spemin

44 2638 49 2646 ⁵
81 2582 107 2622 ct
125 2575 189 2641 quoii
206 2592 270 2639 euni,
290 2592 359 2642 quem
377 2593 467 2643 semper
484 2579 591 2630 lubenter
607 2583 691 2648 dilexi,
708 2599 750 2649 quo

201 1745 242 1803 vit,
251 1745 317 1808 quin,
328 1744 413 1808 quibus
424 1746 516 1807 vellem,
531 1753 603 1811 etque
614 1749 685 1796 etiam
695 1762 745 1823 qnos
