1650 2948
105 159 154 209 tot
208 155 259 206 An
275 151 453 205 DIVERSOS·
472 153 533 202 Iun.
547 151 610 241 XII.
631 154 671 204 19.
753 168 758 177 ·

105 286 178 349 Quod
188 294 215 334 ut
224 284 302 340 fidu,
312 298 360 332 non
369 280 562 342 medroium,oed
572 281 773 343 etimmbinter.

107 368 155 404 ene
166 350 269 400 arbitror.
285 348 354 398 Vele-

188 537 260 602 (lo.)
276 538 315 587 M.
322 538 353 586 Τ.
361 536 389 586 G.
405 535 613 587 CORNIFICIO
630 537 697 587 S.D.

140 665 336 730 (Argumentum.
343 692 377 704 -
384 665 521 714 (irotulotor
530 665 560 716 de
569 666 690 730 provincii
702 667 773 731 synt,

106 730 229 781 cornificio
236 747 251 780 o
259 731 348 780 Curare
355 729 447 779 tributi.
464 731 490 778 si
497 731 587 787 bellum
596 731 626 779 eit
633 731 773 792 Portbiorm,

107 794 624 921 ἓοξέἷιζϋοιωφὼκωωῶὴωίηάυὼς
640 811 684 860 per
697 797 774 860 jourrrr

139 989 301 1039 lubentissime
317 989 364 1054 tegi
380 997 432 1038 tuuc
446 989 538 1037 literott
554 988 581 1036 in
595 988 682 1054 quibus
692 991 773 1052 jumn-

105 1051 358 1113 diuimummihifuit,
370 1053 538 1118 quodcogoovi
548 1067 613 1102 meos
623 1053 773 1119 tibiredditn

105 1131 163 1164 erce.
180 1118 236 1166 Non
246 1118 308 1166 enim
318 1118 462 1176 dubitabam,
470 1117 528 1182 quin
539 1131 577 1165 ets
587 1117 696 1166 lubenter
705 1119 774 1168 lectu·

106 1196 146 1228 rut
155 1196 226 1230 moes:
238 1183 340 1242 verebor,
348 1192 376 1230 ut
386 1181 540 1230 redderentur.
556 1181 663 1242 Bellum,
673 1183 736 1247 qood
742 1191 791 1232 cett

106 1245 132 1292 in
142 1245 218 1308 Syrid,
226 1246 366 1310 Syriumque
376 1246 516 1309 provinciam
527 1245 570 1293 tibi
581 1246 694 1295 tributum
704 1263 774 1296 met

106 1309 205 1368 Caesare,
223 1326 253 1359 ex
264 1311 315 1359 tuis
331 1311 403 1359 literis
418 1310 521 1373 cognovi.
537 1310 656 1358 tamdem
670 1327 720 1360 rem
734 1311 775 1361 tibi

106 1373 158 1421 volo
168 1376 226 1422 bene
237 1385 260 1423 et
269 1375 364 1423 feliciter
378 1374 483 1423 evenire:
501 1373 565 1438 quod
575 1375 608 1422 ite
618 1374 669 1423 fore
679 1377 774 1435 confido,

105 1436 177 1486 fretur
187 1449 211 1488 et
221 1434 334 1489 industrii
344 1447 368 1487 et
393 1438 553 1487 rudentittut.
570 1438 625 1498 Sed,
635 1438 665 1487 de
676 1440 776 1489 Parthici

105 1502 161 1550 belli
181 1504 309 1570 suspicione
327 1519 359 1567 qu
408 1503 496 1563 scribis,
515 1517 571 1550 tane
586 1518 626 1551 me
645 1505 775 1554 commovit

105 1566 229 1626 Quantum
247 1569 364 1632 copiarum
382 1567 485 1626 hebere,
505 1567 626 1630 cumipse
647 1569 777 1630 conjectori

105 1633 213 1697 consequi
223 1642 334 1698 poteram,
344 1631 563 1680 tumextuitliterie
570 1632 676 1694 cognovi.
694 1634 708 1681 I
748 1649 776 1682 ue

104 1705 168 1759 opto,
180 1713 209 1746 ne
220 1714 244 1745 se
254 1698 294 1744 illc
304 1712 360 1760 gens
370 1708 461 1744 moveat
470 1696 514 1743 hoc
524 1703 636 1759 tempore,
645 1695 705 1745 dum
754 1707 776 1746 tc

104 1759 205 1822 legiones
214 1770 249 1808 'eae
258 1761 420 1824 perducantur,
432 1775 489 1824 quas
499 1759 568 1807 audio
578 1759 641 1807 duci.

136 1825 208 1883 Quod
218 1826 237 1873 si
247 1840 313 1888 peret
321 1824 396 1887 copias
404 1824 434 1871 ad
442 1823 612 1886 confligendum
618 1839 666 1873 non
673 1824 776 1889 habebis,

104 1902 152 1935 non
166 1897 188 1935 te
205 1888 278 1950 fugiet
295 1888 330 1936 uti
347 1888 441 1936 consilio
452 1888 489 1936 M.
501 1888 591 1946 Bibuli,
603 1889 646 1951 qui
656 1905 681 1938 ee
691 1892 776 1955 oppido

104 1952 258 1999 munitissimo
269 1961 292 2000 ct
302 1953 456 2017 copiosissimo
467 1952 555 2000 tamdiu
566 1953 650 2013 tenuit,
662 1956 775 2018 quamdiu

102 2016 129 2063 in
140 2016 256 2079 provincii
267 2018 348 2066 Parthi
357 2017 457 2065 fuerunt
473 2017 519 2065 Sed
528 2016 578 2065 htec
587 2017 673 2066 melius
683 2033 714 2066 ex
721 2036 747 2068 re
753 2029 776 2068 et

105 2096 135 2128 ex
145 2089 247 2143 tempore
253 2082 382 2130 constitute
400 2080 464 2129 Mihi
471 2080 588 2144 quidemn
617 2097 648 2129 ue
654 2097 717 2131 curro
725 2085 775 2144 erit,

106 2145 164 2208 quid
174 2161 236 2207 ugos,
248 2146 315 2205 dum,
332 2146 388 2210 quid
403 2145 483 2208 egeris,
501 2145 579 2193 sciero.
619 2145 689 2194 iterus
707 2148 737 2196 od
754 2159 776 2196 tc

247 2308 255 2333 t
327 2309 335 2331 t
767 2305 777 2318 ⁸

106 2340 156 2399 boc,
168 2347 195 2386 ut
204 2353 243 2387 me
254 2347 321 2387 tuum
332 2338 404 2388 scium
414 2354 468 2388 esse.
486 2337 552 2388 Vole.
