1650 2948
84 184 133 231 AD
150 181 327 231 DIVERSOS.
347 183 406 229 Iun.
424 183 456 230 X.
476 184 512 228 ll.
585 185 632 231 293

44 313 73 360 de
84 330 121 360 nie
132 315 230 372 assidua,
243 323 265 358 et
276 323 385 374 perpetua
395 312 472 373 jurgia
483 328 535 358 cum
545 313 631 358 obtrec-

41 395 72 425 ius
83 388 174 442 propter
185 394 231 429 me,
243 378 360 424 notissima
370 378 428 423 mihi
439 386 500 423 sunt.
520 378 574 423 Non
583 391 631 423 me-

41 476 43 486 .
54 443 183 491 adhibenda
193 443 252 488 mihi
263 452 297 489 est
307 457 370 500 cura,
379 451 407 489 ut
416 440 547 504 reipublice
554 455 593 488 me
599 441 631 488 ei-

41 507 122 570 ignum
133 507 179 554 tuis
189 506 297 553 laudibus
306 513 421 569 praestem,
438 505 463 552 in
479 505 581 553 amicitia
588 505 631 553 tul

41 587 88 619 ran
99 581 168 635 atque
177 579 277 634 gratum.
295 570 364 629 Quod
376 570 492 632 reliquum
503 578 545 627 eat,
560 560 643 617 tuum'

41 645 142 691 ituerez
160 644 243 694 etune,
262 635 290 694 sl,
309 649 379 697 quem
397 650 444 682 esse
458 633 558 693 voluisti,
575 648 629 681 eam

41 702 149 763 rebusque
159 699 282 762 eognoseis,
291 698 388 746 delendo
398 714 424 745 ac
435 713 531 810 ευεωζ

41 780 56 812 u
73 763 214 812 Rhodanum
232 764 308 826 copias
326 763 472 822 trajanam,
525 771 630 826 tremque

42 828 99 876 ribus
116 828 219 876 millibus
230 828 335 891 equitum
346 826 515 890 pnemiaissem,
526 827 575 889 ipse
585 827 629 875 iter

41 893 121 941 [tinam
131 893 251 955 dirigerem
259 909 267 949 ς
285 893 309 939 in
320 891 409 950 itinere,
421 891 450 938 de
463 892 543 954 proelio
559 891 627 951 facto,

42 957 213 1022 peetMutina
220 957 337 1004 obsidione
346 955 456 1014 liberatis,
463 955 548 1003 audivi.
567 956 629 1003 Ani-

42 1022 80 1081 ni,
99 1022 192 1069 nullum
207 1022 280 1069 ulium
294 1028 411 1084 receptum
421 1020 562 1078 Antonium,
575 1020 629 1068 reli-

42 1102 72 1134 ue
82 1102 134 1149 quae
144 1101 198 1133 cum
209 1102 235 1134 eo
246 1094 327 1144 essent,
334 1085 426 1142 habere,
437 1083 482 1132 nisi
492 1085 517 1131 in
527 1085 564 1132 hia
574 1100 628 1148 par-

47 1150 149 1214 duaaque
160 1150 180 1197 ei
191 1166 241 1213 spos
250 1165 297 1198 osse
302 1148 444 1212 propositum
461 1164 533 1196 unam
542 1149 627 1214 Lepidi

50 1215 145 1263 alteram
156 1214 273 1262 eucrotia

42 1278 178 1342 (lquaedam
193 1295 245 1342 para
260 1278 371 1326 exercitis
385 1292 432 1325 non
448 1277 526 1325 minua
540 1278 627 1327 furiosa

42 1359 84 1391 tun
94 1344 135 1406 qui
143 1359 197 1391 eum
205 1343 309 1391 Antonio
316 1342 418 1397 fuerunt,
426 1342 555 1404 equitatum
561 1358 625 1391 revo-

42 1408 85 1472 [pee
93 1407 118 1454 in
124 1407 290 1470 Allobrogibus
297 1406 395 1464 constiti,
404 1413 431 1452 ut
437 1406 532 1480 proinde
539 1407 569 1454 ad
575 1422 625 1454 om-

42 1481 100 1520 tatua
111 1488 191 1528 essem,
203 1487 229 1519 aa
240 1487 276 1518 rea
286 1477 395 1518 moneret.
419 1470 445 1517 Si
458 1470 535 1517 nudus
544 1471 591 1518 huc
601 1487 626 1518 ee

42 1535 75 1584 ina
85 1536 192 1595 conferet,
199 1536 265 1583 facile
275 1535 333 1582 mihi
340 1534 417 1581 videor
422 1549 464 1596 per
469 1549 507 1580 me
515 1535 625 1582 sustinere

44 1616 139 1664 remque
149 1601 265 1664 publicam
277 1616 305 1647 ex
317 1598 390 1646 vestri
397 1597 624 1645 sententiandminie-

42 1665 141 1776 Ῑιιαᾜὶνίε
149 1667 181 1776 pp
192 1663 385 1775 exmcituadlpepidi
393 1662 522 1774 rppipipltup
539 1662 624 1772 Silvepo

42 1744 74 1776 nn
132 1745 156 1775 ui
189 1744 265 1776 seeum
325 1744 367 1775 uce
436 1742 456 1775 ai
482 1741 554 1774 ocima
609 1742 625 1774 o

42 1810 62 1842 ia
73 1745 137 1858 (qui
147 1793 299 1856 nostraoperlt
309 1736 622 1854 revootiuunnreliquieiii)

42 1858 105 1906 idem
116 1858 216 1904 furorem
227 1857 332 1912 redierit;
350 1867 436 1914 tamen,
447 1871 477 1903 ne
487 1855 544 1920 quid
554 1855 624 1903 detri-

42 1923 88 1981 fiat,
99 1922 191 1969 dabitur
201 1937 269 1984 opera
279 1937 294 1968 a
304 1936 356 1976 me3
374 1921 444 1983 idque
454 1936 493 1968 me
502 1929 623 1984 pinetam-

42 2003 94 2045 νοω,
103 1987 160 2033 dum
171 1986 237 2033 istinc
247 1985 318 2048 oopiae
328 1984 478 2046 trajiciantur,
485 1986 623 2046 ooujunctae-

42 2050 140 2109 hiscum,
148 2050 236 2098 facilius
247 2049 345 2113 perditos
355 2048 494 2112 opprimant.

52 2113 94 2163 nui
105 2115 213 2180 spondeo,
228 2115 262 2161 mi
279 2113 365 2172 (lieno,
381 2128 456 2176 neque
466 2114 570 2161 animum
581 2129 624 2162 neo

43 2179 99 2228 tiam
119 2180 178 2227 mihi
199 2178 337 2226 defuturam.
363 2177 438 2240 Cupio
460 2177 622 2242 (meherniles)

42 2243 170 2292 .reeiduam
181 2243 356 2291 sollicitudinem
370 2257 425 2290 eoae.
449 2243 503 2300 Sed,
515 2243 622 2304 siluerit,

43 2324 83 2357 mo
90 2324 132 2356 nec
138 2307 300 2357 benevolentia
307 2322 349 2355 nae
355 2307 470 2371 patientie
476 2307 621 2370 unusquam,

42 2373 82 2434 tia,
94 2373 181 2422 cedam.
198 2371 238 2418 Do
248 2371 342 2435 quidem
353 2387 395 2434 ego
405 2386 506 2435 operam,
518 2371 623 2418 utetiam

43 2453 72 2486 un
82 2437 112 2485 ad
122 2438 192 2498 hujus
202 2436 235 2484 rei
245 2436 373 2484 societatem
379 2436 487 2493 incitem
500 2433 623 2495 omniaque

43 2501 95 2568 quia
105 2502 220 2566 pollioeor,
233 2501 252 2548 ai
262 2501 331 2548 modo
341 2500 507 2563 rempublioam
514 2497 623 2559 reapioeta

43 2648 55 2692 τ,
67 2631 92 2680 in
102 2631 145 2680 hac
155 2646 189 2690 re,
200 2629 344 2692 adjutoribus
354 2623 627 2698 inutpeeuuumuetge

43 2713 52 2756 l
65 2704 89 2744 et
96 2696 231 2758 baterenae,
240 2704 263 2746 et
271 2695 364 2746 Fumio
371 2692 645 2806 mipug'gmmm'
