1650 2948
157 218 160 223 ἡ
186 148 239 199 an
254 149 431 201 mvuascs.
448 151 607 200 naurs
688 154 734 201 rsa

96 277 162 336 Quid
173 287 208 326 est
216 279 276 326 enim
284 293 330 327 non
338 279 371 327 ita
378 281 494 336 affectum,
504 291 530 327 ut
541 281 564 327 id
576 295 621 328 non
633 279 735 329 deletum

64 343 251 406 exstinctumque
258 359 305 390 esse
309 344 408 392 fateare?
417 346 571 408 Circumspice
578 346 656 391 onmia
662 361 736 392 mem-

62 407 104 453 bra
114 407 256 470 reipublicaa
267 424 321 472 quae
331 408 448 457 notissima
458 420 511 457 sunt
522 411 579 457 tibi:
597 409 690 456 nullum
699 426 735 457 re-

63 471 256 535 periesprofeeto‚
272 472 335 536 quod
345 487 391 520 non
402 473 500 522 finctum
511 474 685 522 debilitatumve
696 475 733 523 sit.

64 533 126 595 Qua
132 551 288 599 persequerer,
299 536 321 584 ai
330 545 371 583 aut
376 538 460 585 melius
470 553 497 585 ea
507 538 616 597 viderem,
627 553 699 603 quam
707 547 735 586 tu

64 598 136 659 vides,
144 608 188 647 aut
197 613 376 648 commemorare
385 617 475 664 possem
483 602 532 650 sine
541 602 619 651 dolore
626 621 633 651 r
651 618 735 667 quam·

63 678 146 774 qpaplr,
152 665 200 775 tudrp
198 664 357 775 1(ιίιοιιίιιιοιιιιι
364 666 536 730 preceptisque,
547 668 622 716 omnis
632 677 667 716 est
673 667 736 730 abji-

64 742 113 775 cren
130 744 158 776 us
222 744 241 775 r.

76 842 81 847 ,
95 790 162 855 Ergo
173 799 197 839 et
207 792 331 841 domestica
342 793 451 852 fercrnus,
462 802 490 841 ut
500 809 592 851 censen
609 804 632 843 et
642 795 735 859 publica

62 856 134 920 paulo
144 856 215 904 etiam
226 857 308 905 fortius
318 858 421 918 sonasse,
432 874 504 921 quam
515 867 541 906 tu
551 859 608 921 ipse,
620 860 661 922 qui
676 875 736 922 pua-

63 920 129 984 cipia.
154 920 192 968 Te
209 921 271 969 enim
286 937 337 986 spec
356 922 435 986 aliqua
450 923 588 980 consolatur,
599 932 626 970 ut
640 923 734 971 acribiu

63 999 106 1039 uos
123 993 203 1032 autem
220 985 313 1045 erimus,
325 986 395 1034 etiam
408 987 434 1034 in
450 987 554 1034 omnium
570 987 735 1051 desperatione,

61 1049 142 1109 fortas,
153 1058 182 1097 ut
192 1058 218 1096 tu
228 1057 306 1098 tamen
314 1050 377 1098 idem
384 1060 408 1098 et
419 1051 516 1099 hortaris
526 1062 549 1099 et
558 1052 669 1127 precipis.
685 1052 736 1100 Das

63 1112 194 1161 enimmihi
201 1115 317 1175 jucundas
324 1115 487 1163 recordationes
494 1117 734 1178 consuentioenostre,

62 1193 190 1241 rerumque
200 1193 289 1238 earum,
300 1194 366 1243 quas,
382 1187 405 1227 te
420 1180 537 1254 inprimis
552 1190 652 1240 auctore,
663 1183 735 1244 gessi·

62 1257 125 1290 mua.
149 1242 304 1290 Praestitimua
326 1243 388 1291 enim
405 1253 485 1306 patna
499 1260 546 1292 non
566 1246 645 1293 minuc
666 1255 734 1305 certe,

63 1320 137 1370 quam
146 1306 285 1364 debuimus3
302 1307 354 1370 plus
382 1308 473 1368 miecio,
489 1325 560 1372 quam
571 1318 605 1357 cst
616 1311 645 1357 ab
656 1311 735 1358 animo

63 1372 204 1434 cujusquam
215 1380 256 1418 aut
266 1371 360 1420 consilio
365 1323 470 1420 irominis
480 1373 652 1436 postulandum.

96 1436 207 1498 Ignoscas
214 1435 273 1483 mihi
283 1435 313 1483 de
320 1436 414 1499 meipso
422 1436 510 1498 aliquid
517 1437 656 1499 predicanti.
668 1437 736 1496 Qua·

35 1544 38 1549 ,
63 1514 118 1554 rum
134 1499 197 1547 enim
212 1507 238 1546 tu
253 1515 329 1547 rerum
340 1500 474 1563 cogitatione
485 1515 526 1547 nos
540 1501 616 1549 levare
632 1499 737 1564 [egritu-

65 1563 133 1628 dine]
150 1563 252 1621 voluisti,
268 1579 347 1611 earum
361 1565 430 1611 etiam
447 1565 663 1612 commemoratione
678 1565 736 1612 leni-

64 1643 126 1675 mur.
144 1627 158 1675 1
194 1624 238 1686 ue,
249 1636 276 1674 ut
286 1643 373 1686 mones,
382 1636 496 1691 quantum
504 1636 592 1690 potero,
600 1643 638 1675 me
646 1630 675 1676 ab
685 1644 737 1686 om,-

64 1693 136 1740 nsbus
151 1707 190 1739 mo
200 1691 261 1740 estiis
271 1702 294 1739 et
304 1692 427 1755 angoribus
443 1691 572 1749 abducam;
590 1693 737 1742 transferam.

64 1771 113 1820 que
123 1756 229 1803 antimum
240 1756 270 1802 ad
287 1772 322 1814 ea,
336 1757 420 1819 quibus
436 1757 541 1804 secundae
557 1773 592 1805 rec
608 1766 735 1817 omantur3

65 1820 167 1877 adveraae
173 1820 328 1880 adjuvantur;
339 1829 461 1883 tecumque
471 1829 493 1869 et
504 1837 542 1869 ero
552 1830 652 1881 tantum,
662 1838 737 1885 quan·

64 1893 117 1939 tum
128 1885 229 1947 patietur
243 1884 362 1948 utriusque
372 1894 426 1932 aetas
436 1894 459 1932 et
470 1886 589 1934 valetudc=
608 1896 639 1946 et,
653 1886 672 1934 si
688 1903 737 1936 ecte

65 1948 115 1996 und
133 1949 213 1995 minus
229 1949 363 2012 poterimus,
378 1964 448 2011 quam
466 1951 587 2006 volumus;
605 1951 735 2000 animorum

65 2021 144 2061 tamen
158 2013 325 2072 conjunctione,
342 2013 422 2060 iisdem
439 2013 521 2060 studiis
533 2015 566 2061 ita
581 2015 694 2076 fructur,
707 2026 735 2064 ut

65 2091 190 2141 uunquam
201 2091 247 2124 nou
257 2077 306 2125 uni
316 2093 364 2126 esse
374 2077 499 2125 videamur.
516 2078 584 2126 Vale

67 2266 139 2331 (14.)
152 2266 368 2333 auunculus,
380 2269 412 2330 Q.
422 2270 450 2319 F.
461 2270 526 2321 s.1›.
538 2270 612 2333 mu.
620 2272 647 2331 G.
660 2271 698 2321 M.
705 2271 734 2320 F.

110 2400 306 2462 (Argumentum.
319 2426 347 2438 -
360 2399 459 2461 Querit,
474 2416 515 2450 cur
530 2403 619 2450 tamdiu
632 2402 691 2449 absit
705 2402 736 2447 ab

67 2464 134 2514 Urbe
151 2465 239 2514 Cicero.
266 2463 367 2524 Laudat,
387 2466 406 2512 si
422 2476 514 2529 propter
531 2467 605 2514 otium
624 2464 736 2513 scribendi

66 2529 122 2576 fiatr
134 2544 181 2577 nou
190 2531 280 2593 probat,
292 2529 311 2576 si
321 2537 413 2593 propter
420 2545 540 2578 moerorem
551 2547 579 2577 ex
590 2536 663 2576 morte
674 2526 735 2599 filice.

66 2592 159 2643 Deinde
174 2594 273 2641 rationes
283 2594 439 2656 compescendi
449 2594 532 2643 doloris
543 2593 624 2641 addite
641 2597 735 2638 rancur-

65 2658 111 2704 bus
118 2657 227 2718 adjungit
232 2672 319 2720 preces,
335 2666 358 2706 et
366 2659 474 2710 modeste
485 2659 594 2719 claudit.)

88 2721 188 2778 (Epist.)
201 2732 263 2767 rom
275 2734 294 2768 1.
566 2741 583 2776 u
