1650 2948
194 158 244 207 AD
255 159 432 209 DIVERSOS.
450 161 510 208 11113.
525 161 570 209 IX.
582 164 605 209 3.
683 164 730 209 253

202 292 255 346 (8.)
273 288 404 339 CICERO
421 290 590 336 VARRONI.

93 415 288 477 (Argumentum.
296 417 473 464 -Promiserot
486 417 569 475 Varro,
588 417 692 464 Ciceroni
706 433 731 466 se

57 477 130 527 libros
151 479 296 528 dicaturum:
322 481 402 528 Cicero
419 496 473 528 eum
490 480 596 543 promissi
612 481 729 542 admonet,

58 542 240 607 missisquotuor
252 545 442 592 Academicorum
453 542 633 607 Quaestionum.)

90 671 145 719 Etsi
155 687 242 720 munus
252 672 362 735 flugitare,
376 671 482 735 quamvis
493 671 545 735 quis
557 672 688 733 ostenderit,
699 688 729 722 ne

56 736 159 799 populus
175 737 269 800 quidem
284 736 349 793 solet,
367 736 412 782 nisi
430 736 572 792 concitatus,
590 747 666 785 temen
686 753 729 800 ego

58 800 226 863 exspectatione
236 800 342 864 promissi
353 800 388 847 tui
398 815 499 857 moveor,
512 808 539 846 ut
549 800 686 848 admoneam
697 811 728 861 te,

58 877 105 910 non
116 873 143 911 ut
154 864 262 927 flagitem.
280 864 338 910 Misi
352 872 430 911 autem
441 863 471 909 ad
482 874 504 910 te
515 872 614 927 quatuor
624 865 728 912 edmoni-
784 894 787 901 ·

57 935 117 975 tores
127 943 175 975 non
185 928 255 976 nimis
271 927 422 974 verecundos:
440 927 501 974 nosti
514 928 576 974 enim
592 928 693 990 profecto
703 943 728 976 os
764 982 768 991 ¹

56 990 239 1040 adolescentioris
249 991 389 1039 Acodemiae.
415 990 455 1038 Ex
465 991 493 1038 eb
500 990 571 1053 igitur
580 991 657 1039 medii
668 993 729 1039 exci-

57 1064 116 1104 tatos
132 1056 200 1112 misi3
217 1057 267 1119 qui,
285 1066 373 1112 metuo,
390 1070 420 1103 ne
436 1064 459 1101 te
473 1055 531 1118 forte
549 1055 668 1118 flagitent:
686 1072 728 1120 ego

57 1128 136 1169 sutem
151 1121 268 1178 mandavi,
283 1129 311 1166 ut
321 1127 434 1181 rogarent.
452 1119 624 1182 Exspectabam
633 1121 729 1169 omnino

54 1184 156 1245 iamdiu,
168 1200 252 1247 meque
263 1183 411 1241 sustinebam,
423 1198 452 1230 ne
462 1183 493 1230 ab
503 1192 526 1230 te
536 1185 601 1247 prius
611 1184 660 1248 ipse
671 1185 729 1250 quid

56 1248 188 1308 scriberem,
202 1264 274 1312 quem
293 1247 381 1310 aliquid
399 1248 543 1310 accepissem,
561 1257 588 1296 ut
657 1265 694 1296 em
705 1258 728 1298 te

56 1313 199 1361 remunerari
212 1328 284 1376 quam
302 1311 419 1359 simillimo
437 1327 539 1359 munere.
563 1312 579 1360 S
610 1346 617 1371 ,
633 1329 687 1360 cum
701 1323 727 1361 tu

56 1377 145 1426 carduo
155 1378 249 1436 faceres,
264 1376 290 1423 id
303 1385 338 1423 est
355 1378 393 1439 (ut
409 1391 452 1436 ego
461 1376 618 1437 interpretor),
629 1377 727 1440 diligen.

54 1442 120 1499 tion
136 1442 209 1491 teneri
218 1457 266 1490 nou
282 1439 357 1504 potui,
374 1439 431 1503 quin
442 1439 626 1500 conjunctionem
641 1441 728 1488 studio-

54 1521 110 1555 rum
121 1507 252 1570 umorisque
262 1505 341 1563 nostri,
351 1519 398 1567 quo
409 1518 498 1566 possem
509 1503 626 1550 literarum
636 1519 726 1565 genere,

54 1571 202 1623 declararem.
219 1570 275 1619 Feci
280 1568 350 1632 igitur
361 1581 489 1615 sermonem
500 1566 558 1613 inter
569 1580 611 1614 nos
621 1567 728 1614 habitum

55 1635 81 1683 in
91 1634 208 1696 Cumano,
224 1651 278 1682 oum
292 1642 349 1681 esset
365 1630 413 1679 uni
432 1629 581 1693 Pomponius.
605 1630 662 1677 Tibi
674 1630 728 1678 dedi

54 1708 132 1764 partes
153 1699 314 1753 Antiochinas,
336 1712 394 1761 ques
410 1713 424 1744 a
441 1704 464 1743 te
480 1695 572 1758 probari
589 1694 729 1742 intellexisse

55 1763 116 1812 mihi
127 1763 234 1819 uidebar:
252 1761 311 1809 mihi
321 1761 393 1808 sumsi
404 1759 515 1807 Philonis.
541 1758 602 1807 Puto
614 1758 671 1819 fore,
691 1767 727 1818 ut,
758 1792 761 1797 -

54 1844 110 1877 cum
123 1829 213 1891 legeris,
228 1826 320 1881 mirere,
338 1825 362 1871 id
378 1840 420 1872 nos
437 1824 524 1871 locutos
539 1838 587 1870 esse
601 1823 661 1871 inter
676 1838 727 1880 nos,

55 1892 121 1956 quod
131 1907 252 1956 nunquam
266 1890 338 1938 locuti
349 1904 442 1937 sumus:
459 1888 499 1936 sed
509 1887 569 1935 nosti
579 1902 667 1936 morem
677 1887 727 1936 dio-

139 1973 170 2004 m.

54 1957 204 2070 losfflfflaec
225 2027 311 2078 autem,
328 2018 363 2066 mi
383 2019 468 2074 Varro,
491 2032 562 2080 quem
581 2016 726 2080 plurime,si

54 2086 180 2145 videbitur,
192 2085 254 2133 etde
267 2083 342 2142 nobis,
353 2082 413 2130 inter
425 2097 484 2138 nos;
501 2096 550 2128 sero
560 2080 669 2138 fortesu03
686 2081 726 2130 sed

54 2150 200 2215 asperiorum
221 2157 352 2211 temporum
373 2146 465 2194 fortune
486 2145 617 2209 reipublice
633 2161 726 2193 musmo

54 2215 179 2264 monente
197 2213 409 2276 hecipsiprmstore
416 2211 535 2265 debemus.
547 2211 628 2274 Atque
636 2210 726 2258 utinam

11 2277 15 2284 '
54 2279 140 2344 quietis
151 2277 302 2343 temporibus,
311 2284 381 2340 etque
390 2276 476 2350 aliquo,
488 2275 508 2322 si
518 2275 640 2330 nonbom,
649 2283 673 2322 st
681 2275 727 2322 sel·

55 2353 104 2392 tem
112 2352 174 2392 certo
183 2350 245 2393 stom
253 2340 359 2399 deiude,
366 2339 415 2389 bec
425 2351 485 2387 mter
493 2354 534 2386 nos
541 2338 616 2386 studia
624 2352 727 2394 exercere

54 2423 176 2473 possemus
185 2405 363 2469 immonem
374 2413 426 2451 tum
437 2404 531 2468 quidem
548 2404 584 2451 vel
599 2404 652 2450 elie
662 2418 727 2466 quae-

55 2473 120 2537 pitm
131 2471 230 2522 rationu
239 2470 348 2519 tenetes
357 2469 423 2516 nobis
434 2478 457 2516 et
467 2483 532 2516 cums
543 2477 566 2515 et
576 2468 675 2514 cotiones
685 2466 727 2512 dc·

53 2544 114 2586 rent,
140 2538 213 2585 Nunc
223 2542 301 2583 autem
307 2532 369 2597 quid
380 2541 421 2589 est,
433 2533 482 2580 eine
492 2532 528 2578 his
539 2546 580 2578 cur
588 2530 663 2578 vivere
671 2528 727 2576 veli·

54 2601 127 2650 mus?
138 2596 493 2660 Mihiverocumbisipsisvix3
510 2593 727 2664 hiseutemdetrem

55 2665 95 2725 tir,
106 2681 137 2714 ns
147 2665 187 2713 vix
197 2663 300 2727 quidem.
316 2661 364 2712 Sed
378 2662 429 2710 baec
440 2676 531 2720 mmm,
541 2667 567 2707 et
575 2657 673 2722 sepius.
683 2655 745 2701 bbu-

83 2731 189 2789 (Eptrt.)
203 2740 266 2775 uon.
282 2741 301 2774 1.
566 2737 603 2797 ².
