1650 2948
66 180 114 228 ‘lot
191 171 240 219 Al)
259 168 435 216 Dlvltnsos.
453 167 513 215 hro.
527 166 561 215 Χ.
582 167 623 214 l·.'.

71 306 164 372 pedient
174 302 269 365 private
274 297 417 354 offensiones,
425 295 560 359 quominus,
567 312 613 361 pro
619 296 742 362 wilica

72 371 154 425 selum,
166 366 236 414 etiam
246 378 300 411 cum
310 361 468 408 inimicissimo
479 361 633 410 mamutium.
650 360 742 422 Quodn

73 434 133 483 nihil
143 430 267 495 profecero,
278 425 428 473 nihilominus
438 424 546 472 maximo
553 441 609 473 sum
617 426 708 474 animo:
722 433 743 472 et

75 500 162 559 majore
181 495 273 542 fortasse
290 505 344 537 cum
362 490 415 536 meis
433 489 506 551 gloriis
520 490 586 538 vobis
604 490 744 540 adamam

78 564 126 611 Fac
137 560 221 617 vulsos,
231 571 315 619 meque
327 562 410 602 mutuo
419 553 510 616 diligas.

220 752 291 818 (m.)
308 733 444 802 cronno'
452 751 605 803 eunuco.

112 884 438 949 (Argumentum-Gratas
459 884 550 932 senatiu
570 884 655 933 Planci
675 884 746 933 litem

77 953 156 1011 fuisse,
174 961 197 1000 ct
215 966 268 1014 quae
283 952 333 1010 eJus
346 948 414 997 musi
429 948 453 995 in
469 959 550 996 senatu
566 957 620 997 cete
634 949 689 1008 sint,
705 950 747 1011 sig·

79 1017 171 1140 Ἐὶἰὲῗ
189 1024 212 1064 et
228 1015 257 1062 ad
271 1013 413 1061 liberandam
426 1028 500 1075 remp.
511 1013 689 1077 diligentissime
697 1013 747 1061 lior·

112 1206 164 1255 Etsi
174 1187 305 1270 reipulilicae
315 1206 384 1254 causi
394 1206 496 1254 maxime
502 1206 604 1270 gaudere
612 1207 693 1266 debeo,
700 1216 748 1256 nn-

81 1281 132 1320 tum
147 1271 168 1319 ei
182 1279 203 1319 te
217 1270 325 1334 presidii
341 1280 432 1318 tantum
448 1272 506 1334 opis,
526 1272 631 1320 attulisae
645 1272 748 1321 extimis

81 1351 147 1400 piene
163 1336 320 1398 temporibus;
337 1344 414 1383 tamen
429 1335 461 1382 ita
474 1345 496 1384 te
512 1336 623 1384 victorem
639 1337 748 1401 complec-

83 1412 126 1460 tar,
142 1399 258 1464 republici
272 1401 412 1464 recuperata,
427 1408 454 1447 ut
466 1415 576 1462 magnam
590 1410 682 1464 partem
696 1400 749 1449 mihi

82 1465 167 1513 loetitiae
184 1474 225 1513 tua
242 1465 341 1527 dignitas
359 1465 446 1522 afferat,
465 1480 535 1527 quam
553 1473 576 1512 et
594 1481 644 1513 esse
657 1467 717 1527 jain,
730 1476 750 1512 st

83 1530 196 1588 futuram,
210 1530 376 1593 amplissimam
393 1529 502 1591 intelligo.
520 1529 584 1576 Cave
598 1531 661 1578 enim
677 1539 749 1594 putes,

83 1595 143 1643 ullas
155 1611 258 1658 unquam
269 1595 345 1641 literas
355 1593 477 1656 gravinen,
488 1609 558 1656 quam
570 1601 631 1652 tuas,
639 1595 665 1642 in
676 1603 750 1643 smctu

85 1676 133 1707 esse
151 1660 260 1708 recitatas.
278 1659 353 1720 quue
367 1658 469 1720 contigit,
487 1673 540 1705 cum
554 1659 693 1706 meritorum
703 1673 750 1706 tuo·

85 1739 140 1771 rum
150 1724 173 1770 in
187 1722 353 1784 rempublicam
369 1721 455 1768 eximii
469 1722 570 1785 quidam
586 1723 749 1786 magnitudine,

85 1795 137 1833 tum
148 1789 269 1833 verborum
277 1785 487 1848 sententiarumque
492 1786 611 1848 gravitate.
630 1787 702 1847 Quod
711 1787 750 1834 mi·

85 1850 111 1897 lri
122 1850 215 1913 quidem
226 1849 322 1896 minime
332 1864 427 1907 novum,
440 1851 514 1912 quiet
525 1859 547 1897 te
557 1854 660 1910 nissem,
672 1860 695 1901 et
705 1861 750 1900 tus·

85 1929 138 1960 rum
149 1914 267 1960 literarum
283 1913 313 1960 sd
327 1929 365 1960 me
378 1913 499 1961 missarum
512 1915 625 1977 promissa
639 1916 751 1964 metuitis·

86 1993 143 2034 sem,
155 1988 178 2025 et
190 1977 299 2026 haberem
312 1993 326 2024 a
337 1978 425 2025 Furnio
438 1988 514 2026 nostro
527 1988 567 2026 tua
580 1981 675 2042 penitus
684 1979 751 2028 consi·

86 2041 118 2088 lia
137 2042 234 2104 cognita.
262 2043 308 2089 Sed
325 2043 413 2090 senatui
430 2044 518 2103 majora
537 2043 585 2090 visa
603 2054 666 2102 sunt,
685 2059 749 2107 quam

87 2115 152 2153 erant
167 2116 313 2168 exspectats3
331 2123 376 2154 non
394 2122 440 2170 quo
456 2123 560 2170 unquam
576 2107 607 2155 de
622 2109 664 2156 tui
675 2109 749 2157 colun·

87 2177 134 2216 tate
144 2168 286 2226 dabitisset3
304 2172 343 2218 sed
351 2187 401 2229 nec,
410 2179 523 2234 quantum
532 2171 606 2220 facere
617 2189 703 2236 posses,
714 2187 749 2220 nec

87 2233 163 2297 quoad
174 2235 280 2297 progredi
290 2235 367 2292 velles,
379 2236 523 2298 exploratum
535 2236 589 2283 satis
600 2237 707 2286 habebat.

118 2298 209 2372 ltaque,
219 2313 272 2346 cum
286 2315 306 2345 a
318 2299 341 2345 d
360 2300 412 2349 Vll
430 2299 487 2347 Idus
498 2300 601 2362 Apriles,
617 2317 687 2350 mnne
699 2300 750 2349 mihi

87 2372 139 2410 tuas
155 2363 230 2410 literas
248 2363 284 2409 M.
297 2363 425 2411 Varisidius
438 2364 580 2422 reddidisset,
596 2381 681 2429 emque
690 2367 750 2428 legis·

88 2442 146 2486 sem,
157 2426 284 2474 incredibili
294 2428 379 2489 gaudio
390 2444 443 2474 sum
454 2429 543 2475 elatus:
561 2444 663 2494 cumque
673 2443 750 2493 magno

87 2491 213 2540 multitudo
228 2491 368 2554 optimorum
380 2492 480 2540 virorum
497 2502 520 2540 et
536 2492 622 2541 civium
635 2510 674 2542 me
689 2495 750 2542 domo

87 2555 217 2618 deduceret,
234 2555 277 2605 leci
292 2556 400 2603 continuo
413 2572 493 2604 omues
510 2558 631 2622 participes
645 2574 703 2607 mcae
717 2571 750 2606 ro·

84 2622 110 2671 lu
129 2623 193 2674 tatis.

110 2640 226 2742 limem
239 2690 272 2741 nd
282 2704 321 2738 mc
331 2685 398 2736 remi
408 2684 537 2732 alumnus
544 2691 634 2738 nostor„
640 2691 671 2729 nt
677 2686 762 2729 tunsis-
