1650 2948
165 180 217 238 At)
233 182 411 242 nivnasos.
431 194 491 241 nm.
506 195 565 241 vu.
583 197 619 241 m.
690 198 734 252 mr

57 320 190 382 perdiscere.
214 322 260 369 Sed
276 323 325 369 haec
339 325 409 383 jocati
426 341 515 382 sumus,
533 336 555 371 ct
572 336 612 370 tuo
624 341 696 383 more,
710 338 732 374 ct

57 386 163 432 nonnihil
173 387 242 434 etiam
251 398 335 434 nostro.
360 389 396 435 'l'c
407 389 473 436 valde
485 405 605 444 amamus3
619 405 707 452 nosque
718 408 732 438 a

56 461 79 496 te
87 450 161 498 arnari
172 465 226 499 cum
233 452 350 511 volumus,
360 460 413 500 tum
420 453 490 501 etiam
502 453 646 502 confidimus.
664 456 731 503 Vale.

180 641 251 704 (m.)
267 633 603 690 o1cnaouunnar10.

68 789 71 796 ·
92 768 410 831 (Argumentum-Suum
430 769 530 817 absentis
548 770 653 818 Trebatii
671 771 731 819 desi-

57 832 151 959 geginam
161 833 269 895 declarat,
284 834 346 882 etde
358 833 386 883 C.
398 834 471 881 Matii
481 834 635 882 familiaritate
652 845 732 898 gratu·

92 1026 173 1086 Quam
184 1027 229 1076 sint
238 1028 323 1076 morosi
334 1028 376 1092 qui
390 1037 478 1087 amant,
490 1029 528 1076 vel
538 1043 568 1076 ex
578 1029 622 1076 hoc
632 1028 731 1093 intelligi

55 1099 140 1155 potest.
158 1093 258 1140 Moleste
268 1092 369 1140 ferebam
379 1097 454 1152 antea,
466 1102 489 1140 te
499 1094 597 1140 Invitum
606 1093 657 1142 istic
665 1109 712 1142 esse
721 1112 728 1142 ε

56 1157 144 1220 pungit
154 1171 193 1204 me
203 1173 291 1216 rursus,
302 1157 365 1220 quod
376 1158 454 1205 scribis
464 1173 513 1205 cese
523 1167 546 1206 te
557 1158 607 1206 istic
623 1159 728 1207 libenter.

57 1221 145 1284 Neque
155 1221 218 1269 enim
235 1222 288 1269 mei
303 1221 500 1270 commendatione
517 1231 540 1270 te
558 1237 605 1270 non
622 1223 730 1272 delectari

55 1284 125 1333 facile
135 1286 252 1349 patiebar:
270 1295 293 1333 et
303 1301 365 1333 nunc
382 1301 461 1348 angor,
478 1286 605 1350 quidquam
621 1288 664 1335 tibi
681 1289 730 1336 sine

57 1364 98 1396 rne
109 1366 156 1398 esse
165 1350 305 1411 jucundum.
328 1350 374 1398 Sed
390 1351 433 1398 hoc
448 1359 525 1399 tamen
541 1352 603 1398 malo
616 1352 676 1399 ferre
687 1368 729 1400 nos

56 1413 206 1473 desiderium,
224 1430 295 1478 quam
306 1422 329 1461 te
339 1429 386 1461 non
400 1431 434 1474 ea,
452 1430 505 1477 quae
520 1430 593 1477 spero,
611 1431 677 1464 oonse
694 1418 727 1463 ui.

56 1478 122 1526 Cum
133 1479 221 1528 veroin
233 1479 260 1527 O.
272 1478 351 1544 Matii,
364 1479 492 1526 suavissimi
503 1479 672 1543 doctissimique
702 1496 728 1527 o-

56 1543 136 1602 minis,
148 1543 328 1591 familiaritatem
343 1543 433 1603 venisti,
445 1557 492 1590 non
505 1543 550 1590 dici
566 1551 640 1605 potest
656 1559 728 1607 quam

56 1606 125 1655 valde
135 1608 265 1671 gaudeam:
278 1608 319 1672 qui
328 1606 364 1655 fac
374 1616 401 1654 ut
410 1616 432 1654 te
443 1622 515 1671 quam
525 1607 627 1654 maxime
638 1607 726 1670 diligat.

56 1671 123 1719 Mihi
133 1672 208 1731 orode,
219 1672 279 1719 nihil
289 1688 318 1720 ex
337 1672 381 1719 isti
397 1672 514 1734 provincii
523 1681 598 1734 potes,
616 1671 678 1735 quod
686 1674 727 1734 ju-

56 1736 155 1796 cundius
166 1736 204 1798 sit,
212 1736 336 1800 deportare.
353 1738 424 1797 Cura,
436 1746 463 1784 ut
473 1737 556 1784 valeas.

67 1949 73 1956 ’
106 1939 174 1999 (16.)
191 1937 229 1985 Μ.
246 1936 374 1987 CICERO
391 1938 415 1986 S.
426 1937 459 1984 D.
476 1936 667 1985 TREBATIO.

67 2080 70 2085 '
92 2068 286 2130 (Argumentum.
293 2097 326 2108 -
333 2066 372 2114 Ita
385 2066 464 2114 laudat
474 2066 579 2114 Trebatii
590 2066 725 2128 sapientiam

59 2132 85 2180 in
95 2132 188 2181 vitando
198 2133 312 2180 bellorum
327 2131 465 2191 discrimine,
480 2140 507 2178 ut
517 2131 646 2179 timiditatis
657 2130 727 2178 simul

59 2206 151 2279 arguat,
162 2205 185 2245 et
195 2197 241 2244 alia
250 2212 291 2260 per
296 2197 376 2257 jocum
386 2196 516 2258 adjungat.)

66 2335 69 2341 “
90 2327 121 2377 In
138 2328 156 2354 “
168 2327 190 2374 E
208 2341 238 2373 uo
246 2325 365 2387 Trojano''
374 2325 417 2373 sois
427 2341 475 2373 esse
485 2325 510 2372 in
521 2333 632 2386 extremo,
651 2328 668 2355 ‘⁴
677 2339 727 2373 sero
763 2344 796 2393 ’,χ

59 2391 176 2456 sapiunt.”
216 2407 233 2437 u
243 2399 330 2449 umen,
341 2390 375 2438 mi
391 2391 476 2449 vetule,
491 2405 537 2437 non
554 2405 609 2437 sero.
636 2390 727 2437 Primae
754 2424 757 2429 .

57 2457 109 2504 illas
123 2455 249 2504 rabiosulas
264 2464 298 2502 sat
311 2454 386 2502 fatuas
402 2454 498 2502 dedisti:
517 2453 606 2511 deinde,
624 2453 687 2517 quod
702 2452 727 2500 in

57 2520 181 2569 Brllannld
195 2534 242 2566 non
257 2519 326 2566 nimis
338 2518 465 2581 φιλοθιωρον
479 2519 502 2566 te
514 2518 641 2581 praebttlsti‚
658 2517 728 2580 plttlte

56 2599 104 2634 non
114 2581 268 2660 'reprehendo
292 2584 364 2631 Nunc
381 2598 434 2630 vero
449 2583 473 2630 in
491 2582 592 2631 hibernis
604 2581 726 2643 [injectus]

55 2649 115 2699 mihi
125 2647 223 2698 videris:
240 2647 318 2712 itaque
328 2655 352 2696 te
362 2650 509 2698 commovere
520 2661 570 2696 non
584 2661 660 2695 curas.
680 2645 737 2692 ils·

51 2726 275 2776 quequaquesapere
285 2722 392 2778 oportet:
411 2714 439 2766 id
448 2715 580 2767 erittelum
593 2711 752 2763 merdinum·

609 2796 623 2829 s
639 2781 661 2826 ’ὃ
