1650 2948
88 174 134 222 138
206 171 256 219 ΑΙ)
273 169 451 218 Dlvmssos.
470 168 530 217 lus.
541 166 574 217 V.
593 167 631 222 17·
649 237 653 242 ι

120 301 166 349 His
176 315 218 363 ego
234 299 305 347 literis
316 298 335 345 si
345 297 402 361 quid
414 297 569 361 profecissem,
585 295 760 363 existimabam,

87 366 215 430 optandum
226 363 336 427 quiddam
352 378 391 409 me
407 378 455 410 esse
470 370 615 409 sssomtum:
632 359 669 408 sin
679 357 755 404 minus

86 432 144 478 forte
156 429 287 483 valuissent,
299 427 372 473 officio
389 435 467 473 tamen
478 442 526 474 esse
541 426 648 473 functum
659 426 755 471 benevo-

86 494 206 543 lentissimi
217 502 285 553 atque
301 491 447 546 amicissinm
465 507 535 552 quem
546 505 585 536 me
595 489 638 536 tibi
649 496 672 536 et
688 486 756 532 fuisse

87 574 177 621 semper
192 556 307 604 existimes
323 555 402 615 velim,
420 564 443 604 et
459 554 566 603 futurum
584 569 633 602 esse
649 549 755 604 confides.

90 623 158 673 Vele.

152 816 223 877 (ιτ.)
239 815 277 864 n.
291 815 320 864 c.
337 816 360 864 s.
372 814 404 862 o.
422 813 451 862 r.
468 813 606 874 ssxmo,
624 813 653 860 r.
664 813 692 860 s.

115 920 463 1005 iArgomentumae-Exousat
477 939 607 988 tarditatem
622 939 758 996 literarumr

89 1013 112 1054 et
130 1008 235 1055 Sextium
256 1007 369 1064 hortatur,
391 1014 418 1052 ut
436 1006 549 1068 sapienter
565 1013 588 1051 et
609 1004 698 1051 fortiter
719 1018 761 1050 ex·

88 1070 166 1118 silium
183 1071 249 1129 forst,
267 1069 297 1117 sd
315 1069 340 1119 id
355 1069 417 1120 vario
438 1085 495 1118 usus
515 1068 676 1117 consolationis
690 1082 761 1131 ergu-

90 1141 188 1193 mento.)

121 1261 176 1310 Non
191 1260 305 1309 oblivione
316 1261 423 1310 amicitie
440 1269 531 1320 nostm,
550 1277 625 1326 neque
643 1261 760 1309 intennis-

90 1325 154 1374 sione
174 1325 343 1374 consuetudinis
365 1341 431 1386 meae,
450 1327 606 1389 superioribus
619 1325 761 1389 temporibus

90 1389 121 1437 sil
136 1397 160 1438 te
175 1390 250 1438 nullas
264 1390 341 1438 literas
356 1390 425 1446 misi;
442 1391 483 1438 sed
497 1391 560 1454 quod
570 1390 648 1454 priora
658 1399 762 1455 tempore

91 1453 116 1501 in
127 1454 199 1502 ruinis
209 1454 340 1518 reipublice
347 1455 474 1518 nostrisque
483 1456 620 1515 jsouemnt;
637 1454 762 1518 posteriore

91 1526 170 1566 sutem
180 1534 219 1567 me
228 1535 243 1566 s
253 1519 379 1578 scribendo,
395 1519 441 1566 tuis
453 1518 608 1580 injustissimis
619 1527 690 1582 atque
700 1533 762 1567 scer·

91 1583 191 1632 bissimis
197 1583 359 1642 incommodis,
376 1583 527 1631 reterdtmnt.
552 1584 615 1631 Cum
625 1590 713 1643 verost
726 1583 762 1630 in·

91 1649 214 1696 tessellum
222 1649 273 1708 J'em
283 1649 337 1695 satis
344 1649 440 1711 longum
451 1647 642 1706 fuissesortitum
654 1647 762 1696 virtutem

91 1711 210 1775 animique
222 1711 406 1774 magnitudinem
423 1711 554 1774 (Eligendus
575 1726 647 1759 essem
669 1725 763 1759 mecum

92 1776 231 1834 neomutus,
242 1789 288 1822 non
299 1776 380 1838 putori
394 1790 442 1823 esse
457 1776 559 1824 alienum
573 1775 685 1824 institutis
695 1775 761 1835 meis,

92 1837 142 1886 hec
153 1839 182 1886 sd
193 1846 216 1886 te
226 1837 328 1886 scribere.

124 1901 179 1965 Ego
192 1910 224 1960 te,
236 1900 264 1949 P.
279 1902 351 1962 Sexti,
363 1910 386 1950 et
395 1903 476 1966 primis
490 1903 632 1968 temporibus
644 1902 699 1961 illis,
711 1901 764 1967 qui·

93 1967 138 2014 bus
159 1965 185 2012 in
202 1965 322 2026 invidiam,
344 1968 434 2029 absens,
452 1975 474 2016 et
495 1968 520 2014 in
538 1968 624 2015 crimen
643 1969 769 2028 vocabere·

93 2028 200 2077 defendi:
218 2038 249 2090 et,
261 2046 315 2079 cum
329 2031 354 2078 in
364 2033 400 2079 tui
410 2031 581 2079 familiarissimi
589 2031 677 2094 judicio
685 2047 712 2080 sc
722 2047 766 2096 pe-
808 2082 813 2099 ¹

92 2093 167 2142 nouo
174 2102 242 2144 tuum
251 2092 361 2159 [crimen]
373 2098 556 2159 conjungeretur,
564 2105 592 2143 ut
599 2096 666 2160 potui
672 2111 765 2144 moure

93 2157 181 2206 tissime
190 2166 214 2205 te
221 2167 333 2223 tuamque
343 2175 436 2208 musam
446 2169 607 2208 tutetussums
620 2169 643 2208 et
649 2160 764 2224 proxime,

93 2221 177 2269 receuti
183 2221 282 2271 adventu
293 2239 354 2283 meo,
363 2240 417 2272 oum
427 2239 477 2272 rem
485 2224 550 2271 aliter
555 2224 686 2272 tustinum
692 2224 765 2272 offen-

93 2284 186 2344 dissem,
199 2301 226 2334 sc
236 2287 295 2334 mihi
302 2289 432 2351 placuisset,
444 2288 463 2336 si
471 2287 602 2345 sffuisseme
613 2297 692 2336 temen
698 2287 766 2336 nullt

93 2364 119 2398 re
129 2349 198 2398 ssluti
206 2357 252 2397 tnae
260 2350 330 2399 defui.
347 2352 455 2416 Cumque
466 2368 493 2400 eo
503 2360 614 2416 tempore,
625 2352 714 2400 invidis
724 2366 766 2400 cn-

94 2427 170 2471 nonoe,
179 2413 269 2462 iriimioi
279 2430 326 2463 non
337 2416 464 2477 commui,
471 2416 630 2464 verumetiam
636 2415 766 2474 amicorum

94 2478 317 2543 moniminiquitss
333 2480 403 2528 totius
417 2480 507 2543 judieii,
525 2481 646 2544 multaque
660 2480 707 2528 slis
722 2479 767 2529 rei·

128 2543 194 2592 blicis
203 2542 268 2601 sitis,
285 2545 338 2621 plus
353 2560 424 2608 quem
435 2561 503 2594 osuss
513 2544 563 2609 ipse
577 2545 715 2609 veritasque,
726 2558 767 2593 vs·

85 2551 205 2668 Ebusum
221 2609 310 2660 Pubho
331 2617 373 2660 tuo
386 2623 463 2694 nenne
478 2608 557 2674 opert
570 2624 646 2682 neque
662 2608 766 2665 oonsilio,

77 2678 163 2736 esque
176 2676 270 2744 labore,
281 2694 363 2747 neque
373 2686 460 2746 mem,
468 2689 547 2738 neque
555 2672 773 2727 mussini&
