1650 2948
215 112 267 166 Al>
282 110 461 166 mvsasos.
478 114 540 163 Lm.
557 116 603 166 lV.
621 118 643 164 4.
732 119 762 169 at

90 256 121 297 eut
130 238 160 297 ei
169 241 242 310 parte,
259 244 381 309 quitenus,
392 252 433 291 aut
449 245 589 308 negligentiis
599 253 640 293 aut
651 245 764 306 improbi.

86 321 135 362 tete
148 325 229 360 eomm
245 310 287 374 qui
303 309 409 372 epistolas
425 309 544 372 accipiant,
561 310 611 356 fieri
628 311 715 368 scribis,
732 326 762 359 ne

86 377 119 426 ad
128 391 172 424 nos
189 374 340 438 perferantur.
358 371 427 420 Illam
441 384 530 436 partem
541 374 703 435 excusationis,
715 377 763 438 qui

87 448 114 488 te
129 439 211 488 scribis
226 438 334 486 orationis
352 447 486 501 paupertate
504 439 547 503 (sic
568 439 631 486 euim
648 439 762 502 appellas)

86 504 171 553 fidem
181 502 257 553 verbis
267 502 374 566 epistolas
384 502 466 564 sapius
473 503 572 559 mittere,
583 517 625 551 neo
636 518 712 562 nosco,
720 519 763 551 nec

84 571 167 633 probo
184 568 218 615 Et
235 582 278 629 ego
294 566 352 629 ipse,
368 581 438 629 quem
456 567 761 632 tuperjocum(sicenim

83 629 761 757 ffiffiffioiffiliphffiffi’lsslffi

83 758 150 810 euim
166 774 215 809 nou
232 773 323 806 noeesse
339 766 389 806 est:
407 759 448 806 sed
467 767 543 805 tamen
563 758 624 805 idem
644 761 697 822 (nec
713 759 760 807 hoc

81 821 339 939 gpimsvppseecpigttclle
349 822 404 871 cedo
415 831 509 870 tuorum
520 822 657 886 scriptorum
670 823 760 871 subtili·

136 899 161 937 et

84 974 87 979 ·
116 902 251 1002 (losssiliguiui1
258 960 336 1011 tuum,
343 965 391 1016 quo
398 959 422 999 te
431 966 511 1011 ιισιιηι,
518 950 605 1012 κτιᾟίι,
617 952 660 999 hoe
671 950 760 1001 Achai·

79 1032 140 1066 eum
151 1015 271 1080 negotium
285 1030 333 1063 non
347 1015 494 1075 recusavissa
506 1031 560 1063 oum
574 1030 665 1079 semper
674 1018 758 1080 psoba·

82 1082 178 1141 ‘viseum
190 1088 242 1127 tum
258 1079 334 1127 multo
344 1079 418 1143 magis
427 1080 531 1142 probavi,
547 1080 611 1128 lectis
621 1080 667 1129 tuis
677 1081 758 1144 proxi·

81 1146 129 1194 mis
139 1144 220 1192 literis·
238 1142 329 1192 Omnes
345 1144 407 1191 euim
417 1159 500 1203 causae,
514 1160 572 1208 quas
582 1159 756 1204 commemoras,

80 1209 217 1272 jusfissime
232 1215 295 1267 sunt,
311 1208 399 1270 tuaque
414 1216 438 1255 et
453 1209 586 1256 aucusitate
601 1217 625 1256 et
634 1208 758 1272 pmdentii

81 1273 234 1338 dignissimae.
251 1271 323 1330 Quod
333 1272 400 1320 aliter
410 1272 514 1320 cecidisse
524 1288 573 1320 rem
584 1273 709 1329 existimas,
720 1282 757 1320 st-

83 1352 131 1403 que
141 1338 250 1402 opinatus
260 1335 299 1395 sis,
310 1335 335 1383 id
349 1335 393 1384 tibi
408 1337 474 1384 nullo
484 1336 553 1384 modo
563 1339 680 1385 assentior.
700 1337 755 1397 Sed,

81 1402 141 1467 quis
151 1410 216 1450 anta
225 1400 366 1464 paturbatio
374 1407 397 1447 ct
407 1400 510 1448 confusio
521 1410 555 1448 est
564 1416 650 1459 rerum,
661 1402 695 1450 ita
704 1417 758 1465 per·

81 1467 148 1515 outa
156 1474 181 1514 et
190 1473 303 1530 prostrata
312 1464 437 1512 faedissimo
444 1465 505 1512 bello
514 1465 591 1525 jacent
601 1465 687 1523 omnia,
699 1474 725 1513 ut
735 1465 758 1513 is

79 1531 167 1595 cuique
180 1530 253 1589 locus,
268 1528 311 1576 ubi
325 1528 374 1591 ipse
389 1529 427 1585 sit,
441 1537 464 1576 et
476 1528 521 1576 sibi
537 1528 643 1592 quisque,
655 1529 756 1576 miserri-

80 1609 136 1643 mus
146 1610 195 1642 esse
205 1593 326 1649 videatur;
344 1601 464 1656 propterea
472 1602 495 1640 et
506 1592 542 1639 tui
553 1601 576 1639 te
584 1592 672 1639 consilii
682 1594 754 1656 poeni.

79 1660 122 1718 tet,
135 1668 158 1707 et
168 1673 218 1717 nos,
230 1657 272 1722 qui
282 1656 346 1704 domi
359 1672 448 1714 sumus,
460 1657 502 1704 cibi
512 1656 575 1704 beati
589 1656 711 1704 videmur:
729 1667 753 1705 at

79 1732 160 1772 matra
177 1721 252 1780 nobis,
263 1735 311 1768 non
324 1729 351 1768 tu
367 1721 461 1784 quidem
476 1736 562 1770 vacuus
576 1721 694 1783 molestiis,
712 1721 752 1770 sed

80 1803 129 1851 pra
139 1787 206 1835 nobis
213 1788 301 1834 beatus.

112 1852 195 1914 Atque
205 1851 249 1898 hoc
262 1851 312 1913 ipso
329 1850 410 1897 melior
425 1858 459 1898 est
474 1857 515 1897 tua
529 1865 600 1913 quam
611 1859 688 1899 nosue
698 1867 753 1900 con·

80 1915 147 1974 (litio,
159 1914 222 1979 quod
236 1923 271 1973 tu,
284 1913 341 1977 quid
355 1914 439 1972 doleat,
457 1915 554 1962 scribere
569 1914 647 1974 audes,
664 1931 706 1964 nos
722 1933 752 1964 ne

79 1980 104 2027 id
117 1980 212 2056 quidem
223 1987 274 2026 tuto
285 1993 424 2041 possumusc
441 1993 483 2026 nec
494 1978 518 2024 id
529 1979 619 2027 victoris
630 1980 692 2038 vitio,
705 1997 752 2044 quo

79 2044 139 2092 ailul
150 2043 297 2101 moderatius,
316 2042 356 2090 sed
370 2042 442 2105 ipsius
458 2042 565 2101 victoriae,
582 2060 634 2107 quae
646 2045 752 2092 civilibus

78 2110 145 2157 bellis
157 2123 247 2171 semper
264 2115 298 2154 est
308 2106 414 2154 insolens.
434 2106 489 2153 Uno
499 2116 522 2153 te
533 2107 637 2167 vicimus,
649 2109 712 2172 quod
722 2110 751 2157 de

78 2172 195 2230 Marcelli,
207 2172 300 2234 collega
317 2171 360 2230 tui,
376 2171 449 2218 salute
464 2171 534 2234 paulo
547 2181 609 2231 ante,
626 2189 697 2237 quam
714 2183 749 2232 tu,

77 2379 143 2414 mess
160 2374 215 2429 post
224 2364 266 2411 has
275 2334 387 2422 miserias,
399 2363 423 2411 id
434 2373 477 2422 est,
488 2374 611 2428 postquam
622 2365 692 2412 annis
703 2364 750 2411 dis·

77 2430 164 2543 Ἥ
174 2437 275 2503 coeptum
282 2436 325 2540 ‘Ze
330 2428 359 2476 de
363 2429 420 2539 1ἓιιιε
430 2429 531 2540 pespblico,
541 2429 602 2539 gilfil
613 2437 750 2537 mmm&

80 2493 374 2632 „gbfflffiffoefm
379 2508 443 2607 eanpm
451 2506 761 2626 aplpie'lelabffxauoatlsaaupa

69 2620 301 2677 mflfioeflss'ffl'me.
311 2631 336 2674 et
348 2625 475 2692 equitate.
483 2626 527 2678 tul.
544 2633 571 2677 et
578 2619 725 2692 puuueutlaia,
735 2636 778 2670 ae·
