1650 2948
78 134 127 195 372
183 136 234 187 An
250 137 429 188 nwnnsos.
445 136 509 187 ltus·
525 136 591 189 xlc
603 136 641 186 tu

76 265 123 314 ime
137 265 486 331 civiqetmihicurissimefid,
500 264 738 331 qnodmeximisrei·

73 330 172 392 publice
179 332 277 381 tenebris
287 330 436 395 comperisti),
447 345 511 379 nunc
521 339 546 379 te
556 330 693 379 habebimus
700 338 739 377 tes·

73 402 121 441 ten
136 395 216 455 nostri,
232 405 255 444 et
265 396 290 443 in
300 403 323 443 te
334 404 358 443 et
372 395 398 443 in
409 395 624 457 conjunctissimun
633 394 677 442 tibi
685 409 738 442 reru·

73 458 199 521 publicem,
214 460 312 508 emorisr
329 467 361 519 et,
372 475 426 523 qun
512 460 633 523 pollicitus
646 474 679 518 cs,
689 465 737 506 tect

73 522 206 583 taciturum,
217 525 274 572 dum
285 524 428 583 serviremus,
439 532 464 572 et
489 524 627 572 ’currumde
636 538 675 571 me
684 530 737 580 tum,

74 600 128 633 cum
137 588 323 652 mihipmt'utum
333 596 415 647 esseut,
425 586 739 653 nuncillenonegoquideu

74 649 120 698 dici
137 661 255 728 tenmpere
272 651 413 710 desiderabo,
432 666 505 727 quum
521 650 738 715 sentirieteipec·

73 713 159 778 Neque
176 716 358 765 emmcmuium
371 715 459 778 judico
475 716 560 764 malim
577 726 739 765 mentemm-

73 780 186 841 mendari‚
195 797 266 847 quem
273 781 322 846 ipse
329 789 370 828 tuo
373 779 461 842 judicio
467 780 539 843 digne
549 796 578 829 ec
587 795 677 829 mereor
683 793 738 827 mm·

73 845 195 894 mendctus
212 861 274 895 esser
291 853 318 893 ut
327 845 376 893 hsec
386 844 511 892 novissime
525 858 605 895 nostre
619 844 688 903 tacu,
697 856 738 890 ncn

72 908 158 969 subite,
175 924 217 958 nec
235 909 423 970 inconvenientia,
440 908 481 956 scd
495 908 584 957 similin
596 908 645 957 illis
661 907 738 971 cogite·

73 970 176 1021 tionibus
191 989 290 1037 querum
301 983 327 1022 tu
337 972 400 1022 testis
410 971 525 1032 es,'firisse
537 972 646 1034 judicesz
662 986 738 1037 meque

74 1034 105 1082 ed
115 1037 227 1100 optimam
238 1037 390 1102 spuupetriae
399 1051 447 1085 non
456 1036 739 1102 minimumtibiipeipm·

73 1098 204 1150 ducendum
211 1109 289 1177 putes.

105 1164 166 1212 Sunt
176 1165 227 1225 tibi,
244 1165 282 1213 M.
294 1163 370 1223 Tulli,
386 1165 461 1227 liberi,
477 1166 664 1240 propinquique,
696 1164 702 1176 ’
731 1162 738 1175 ’

73 1226 209 1291 quidemte,
224 1228 391 1278 etmeritotrlri
407 1230 535 1278 carissime
554 1246 604 1280 esse
620 1231 690 1279 etiem
718 1242 740 1275 e-

71 1293 126 1339 bent
136 1293 160 1339 in
171 1293 290 1358 republioi
321 1295 410 1342 mxime
424 1294 468 1342 hos
484 1294 540 1354 ceri,
556 1295 599 1370 qui
615 1295 738 1343 studiorum

70 1365 164 1404 tuorum
175 1366 230 1406 sunt
240 1374 284 1406 sem
311 1360 331 1415 ’ς
343 1373 443 1422 quorum
453 1374 502 1407 esse
511 1374 583 1422 cupro
593 1359 638 1408 tibi
648 1358 739 1423 copiam.

72 1421 118 1487 Sed
128 1430 206 1470 tamen
214 1438 261 1471 non
267 1423 417 1471 munimime
427 1423 497 1471 turbt
507 1432 567 1486 puto
577 1423 680 1481 excludi,
687 1436 739 1486 quc-

71 1486 149 1534 minus
160 1487 202 1536 tibi
213 1496 276 1536 vacet
285 1503 324 1535 me
334 1487 444 1550 excipere,
456 1495 487 1547 et,
496 1487 528 1534 ed
538 1487 678 1551 omniaque
688 1486 739 1534 velis

73 1559 97 1598 et
107 1554 197 1615 pmbes,
209 1552 339 1617 producere.
358 1551 474 1599 Animum
482 1551 640 1600 tibinoetmm
651 1551 740 1598 fortune

73 1618 235 1678 probavimus:
245 1617 363 1680 ingenium
374 1615 464 1663 diutine
470 1615 576 1676 servituis,
584 1624 655 1675 certe,
666 1615 740 1678 quale·

70 1694 173 1790 qumque
187 1690 230 1742 est,
241 1681 318 1728 minue
328 1689 415 1741 tamen,
430 1695 502 1743 quam
512 1689 570 1742 erat,
582 1696 653 1744 pesse
663 1688 696 1728 eet
708 1679 739 1728 vi·

87 1759 126 1791 en.
476 1784 479 1788 .

105 1808 165 1867 Nos,
182 1825 212 1856 ex
225 1808 266 1856 ord
282 1807 398 1856 maritimi
408 1808 474 1856 Asiae
489 1805 624 1872 pmvinciae,
636 1817 660 1858 et
669 1825 698 1857 ex
707 1807 739 1855 in·

71 1871 135 1945 sutis,
151 1888 209 1935 ques
225 1873 344 1935 potuimus
360 1887 430 1920 neves
446 1873 595 1948 deduximus.
619 1873 738 1947 Delectum

70 1937 740 2066 mtttntffitntttttttffltl

69 2061 107 2119 lae,
119 2062 156 2108 cui
165 2063 270 2112 Lucilius
277 2073 388 2129 praeeret;
399 2065 468 2128 qui,s
533 2081 595 2128 saepe
603 2064 740 2114 transitionis

68 2127 200 2188 prebendo,
212 2143 287 2191 neque
296 2145 401 2192 unquam
411 2143 459 2177 non
485 2128 609 2187 ecedeudc,
621 2130 741 2179 noviome

69 2189 185 2252 Corycum
197 2208 221 2239 se
231 2193 336 2252 contullit,
348 2201 372 2242 et
382 2194 458 2241 clauso
467 2201 537 2256 portu
549 2209 573 2240 se
583 2201 662 2242 tenere
667 2194 739 2256 coepit.

70 2252 130 2314 Nos,
142 2255 185 2302 illis
193 2256 280 2315 relicti,
293 2258 367 2320 (quod
378 2268 402 2306 et
411 2258 435 2304 in
452 2265 525 2305 cestra
539 2258 661 2319 pervenire
670 2257 739 2304 setius
757 2307 763 2325 ι

69 2331 117 2365 esse
131 2321 279 2382 putabamus,
290 2329 314 2368 et
323 2324 461 2384 sequebatur
476 2320 555 2368 classis
571 2322 653 2381 altem,
670 2334 738 2385 quum

67 2394 129 2428 anno
140 2384 214 2446 priore
224 2384 248 2430 in
263 2384 377 2447 Bithynii
384 2386 472 2432 Tillius
482 2385 578 2433 Cimber
587 2385 738 2449 comperiret,

68 2445 107 2490 cui
122 2447 242 2496 Tumlius'
252 2457 352 2512 quaestor
369 2456 475 2513 praeerat)
487 2449 594 2512 Cyprum
608 2449 738 2514 petivimus.

69 2505 116 2619 Ibli
123 2527 181 2583 'quae
188 2513 345 2575 cognovimus,
356 2513 453 2562 scribere
460 2513 537 2562 ndvos
543 2528 617 2578 quem
624 2513 738 2563 celerrime

65 2582 191 2623 V0u1mus.

98 2638 651 2707 Dolabellammt'tusemeqeuuouum
658 2639 738 2691 leodi·
