1650 2948
217 111 268 160 AD
284 111 462 162 Dwuusos
480 113 540 160 bis.
553 113 574 160 l.
591 117 614 161 o.
719 115 751 159 ‘251

84 238 142 287 timis
152 240 218 288 terris
229 241 325 289 miseris.
341 241 442 289 Nechoc
452 242 611 304 pertimuerise
624 255 677 288 nom
688 257 702 288 a
713 256 750 289 me

83 304 129 365 ipso
139 304 273 364 laudantur,
284 315 307 353 et
315 305 471 352 laudabuntur
478 306 556 352 iidem.
574 305 620 353 Sed
627 316 703 352 tanren
712 305 751 352 de·

81 367 187 415 sendendi
198 369 288 417 Vatinii
298 369 344 416 fuit
355 370 424 416 etiam
439 370 478 417 ille
492 370 609 428 stimulus,
620 369 650 417 dc
660 385 715 432 quo,
727 370 750 415 in

79 431 172 489 judicio,
181 448 236 480 cum
247 434 315 480 illum
326 433 481 493 defenderem,
492 433 542 481 dixi
552 450 590 481 mc
600 434 673 482 faeere
681 434 749 497 quid-

80 494 141 554 dam,
150 497 214 560 quod
223 497 247 543 in
259 498 414 544 “Eunucho'’
425 498 537 561 parasitus
547 498 651 547 suaderet
662 498 731 545 militi
741 515 747 542 :

120 592 138 619 “
149 590 200 639 Ubi
210 591 340 640 nominabit
350 591 491 652 Phaedriam,
503 602 529 640 tu
540 595 598 641 Pam
616 595 688 641 hilam

118 653 244 702 Continuo.
262 656 288 704 Si
299 656 515 718 quandoilladicet,
525 659 561 705 ‘P
626 659 631 669 '
679 659 715 705 in-

115 719 275 767 tromittamus
284 720 432 768 comissatum
440 721 457 777 ;’
470 730 505 780 tu,
518 722 683 785 ‘Pamphilam

117 783 245 831 Cantatum
256 785 422 847 provocemua'
439 784 466 832 Si
475 784 578 832 laudabit
588 786 637 833 baec

116 847 187 896 Illius
196 848 314 905 formam3
332 858 358 896 tu
369 849 441 910 hujus
451 857 536 896 contra.
553 848 661 912 Denique

116 911 165 959 Par
175 913 228 975 pari
237 913 329 973 referto,
340 912 403 976 quod
413 928 465 960 eam
475 912 604 960 mordeat-'³

75 1008 110 1056 Sic
120 1008 192 1072 petivi
203 1024 218 1056 a
231 1009 357 1071 Judicibus,
372 1018 408 1070 ut,
421 1011 531 1073 quoniam
547 1010 642 1075 quidam
657 1011 745 1059 nobiles

75 1072 185 1131 homines,
197 1081 222 1120 et
232 1073 261 1121 de
271 1088 310 1122 mc
320 1075 407 1137 optime
414 1075 499 1132 meriti,
515 1075 585 1123 nimis
595 1085 699 1123 amarent
708 1077 745 1123 in-

74 1135 352 1201 imicummeum,meque
358 1139 497 1202 inspectante
504 1141 744 1214 saepeeuminsenatu

74 1201 140 1249 modo
151 1217 229 1250 severe
243 1202 384 1261 seducerent,
393 1203 462 1250 modo
472 1204 614 1252 familrariter
623 1214 693 1267 atque
707 1205 743 1251 hi-

72 1263 116 1312 lare
124 1267 330 1329 amplexarentur3
348 1267 503 1331 quoniamque
511 1268 546 1315 illi
556 1269 666 1317 haberent
674 1284 742 1316 suum

74 1327 196 1389 Publium,
207 1330 289 1378 dment
305 1330 420 1397 mihiipsi
434 1332 506 1378 elium
522 1333 642 1392 Publium,
654 1333 679 1379 in
696 1348 743 1395 quo

72 1408 161 1455 possem
173 1395 269 1442 illorum
282 1395 380 1450 animos,
393 1396 536 1443 mediocriter
550 1396 674 1455 lacessitus,
686 1398 743 1444 levi-

72 1465 104 1504 ter
161 1474 256 1522 ungere.
280 1460 365 1523 Neque
380 1460 454 1507 solum
469 1460 527 1517 dixi,
542 1460 581 1507 sed
597 1460 666 1508 etiam

12 1530 15 1536 '
72 1473 204 1580 faeidflliis
217 1523 397 1587 hominibusque
413 1523 599 1587 approbantibus.
622 1476 742 1571 Habddzdd

73 1584 183 1634 Vatinio:
201 1601 311 1651 cognosce
321 1588 350 1635 de
361 1589 449 1637 Crasso.

100 1650 163 1714 Ego,
174 1667 229 1700 cum
240 1652 299 1698 mihi
311 1667 365 1700 cum
380 1653 421 1700 illo
437 1667 522 1715 magun
530 1653 580 1712 jum
590 1652 664 1715 gratia
675 1661 739 1711 esset,

70 1715 132 1777 quod
142 1717 193 1776 ejus
199 1731 279 1763 omnes
285 1717 429 1778 gravissimas
436 1717 541 1777 injurias,
550 1717 678 1765 communis
686 1732 740 1766 oon-

70 1779 152 1826 oordiae
161 1779 240 1838 causi,
251 1781 382 1833 uoluntarii.
395 1780 496 1845 quidam
506 1781 619 1828 oblivione
629 1782 741 1829 contrive-

69 1857 128 1902 rem,
142 1844 287 1906 repentinam
306 1845 355 1905 ejus
372 1845 526 1893 defensionem
545 1845 647 1905 Gabinii,
669 1861 740 1925 quem

69 1906 181 1969 proximis
196 1909 352 1971 superioribus
367 1909 447 1957 diebus
458 1909 567 1957 acerrime
576 1920 738 1973 oppugnasset,

68 1978 155 2031 tamen,
166 1972 187 2018 si
197 1972 247 2020 sine
257 1973 307 2020 ulle
316 1972 369 2021 mei
379 1975 517 2021 oontumelib
525 1975 665 2036 suscepisset,
673 1975 739 2022 tulis·

67 2049 124 2082 sem.
147 2035 203 2097 Sed,
218 2052 274 2084 cum
290 2053 329 2085 me
342 2038 506 2101 disputantem,
522 2053 568 2085 non
582 2039 737 2098 lacessentem,

65 2098 169 2159 laesisset,
181 2102 264 2160 exarsi,
271 2116 318 2150 non
326 2104 401 2150 solum
409 2103 515 2166 presenti
525 2102 612 2161 (credo)
618 2103 737 2151 necunde

67 2168 133 2216 (nem
140 2180 167 2212 ea
174 2172 224 2212 tem
231 2166 353 2215 vehemens
361 2167 455 2215 fortasse
461 2181 508 2214 non
514 2166 619 2224 fuissem
628 2168 676 2224 sed,
682 2183 736 2215 cum

65 2227 184 2291 inclusum
193 2230 253 2278 illud
263 2231 343 2278 odium
353 2233 481 2279 multarum
494 2232 544 2292 ejus
555 2230 580 2277 in
592 2246 630 2278 me
640 2232 736 2291 injuria-

64 2307 129 2403 dlrm’
144 2293 209 2406 Ἐζᾶ
224 2311 267 2370 eqo
281 2296 387 2408 ‘ffilffim
400 2311 520 2408 tqe‘omnne
533 2296 736 2407 arbitrabamini-

64 2372 151 2495 ,ui
167 2373 329 2486 ,sus
340 2369 735 2489 definitissime

65 2492 88 2531 et
104 2485 178 2532 udem
194 2486 237 2545 illi,
252 2504 310 2550 quos
324 2505 384 2553 sepe
398 2501 458 2538 nutu
470 2489 680 2553 significationeque
694 2503 735 2548 ap-

65 2548 136 2610 pello,
147 2564 204 2597 cum
214 2567 239 2599 se
248 2553 378 2601 martimum
388 2554 489 2604 fmctum
500 2554 588 2620 cepisse
597 2553 700 2600 dicerent
706 2565 739 2597 erc

64 2612 171 2661 hm
185 2614 246 2677 Μ)
261 2631 346 2688 meque
362 2629 415 2676 tum
430 2623 534 2693 denique
547 2620 598 2674 sibi
610 2635 662 2674 esse
670 2616 754 2668 litim

93 2678 194 2743 (ΕΜ)
208 2695 269 2734 voa.
283 2700 303 2738 1.
566 2703 589 2742 u
605 2691 611 2696 “
