1650 2948
201 125 251 172 AD
267 125 445 176 DIVERSOS.
462 129 521 174 lnn.
535 127 580 175 IX.
593 131 615 175 6.
695 132 741 176 ‘251

81 267 167 309 remim,
180 270 251 314 quam
262 256 320 302 illud
331 256 410 316 ingens
422 258 509 303 mulum
522 258 614 303 ulterius
626 260 698 304 utrius
710 275 749 305 ex-

81 317 163 363 ercitiis
175 328 197 363 et
207 320 292 366 ducum
304 321 412 375 interium
431 332 480 366 tum
493 339 544 367 vero
556 330 684 368 extremum
700 339 749 369 ma-

80 381 158 427 lorum
176 385 280 429 onmium
298 400 346 430 esse
365 385 436 431 civilis
454 386 508 432 belli
527 386 658 433 victoriam:
677 404 748 449 quam

80 445 176 507 quidem
186 462 228 508 ego
239 449 306 494 etiam
315 449 408 495 illomm
420 450 538 508 timebam,
550 451 579 497 ad
590 466 648 513 quos
657 466 749 498 venera-

80 523 142 556 mus.
167 510 295 558 crudeliter
306 513 368 559 enim
384 513 461 560 otiosis
475 514 637 561 minabantur:
656 523 749 577 eratque

59 595 62 600 ·
79 572 108 620 iis
119 585 142 620 et
153 582 194 621 tua
204 575 276 623 invisa
290 576 403 635 voluntas,
415 586 438 625 et
448 592 499 624 mea
510 578 588 625 oratio.
606 576 631 624 N
633 593 678 626 unc
686 594 747 639 vero,

80 637 99 683 si
111 647 185 686 essent
198 641 268 687 nostri
283 641 358 703 potiti,
374 641 440 688 valde
455 642 631 704 intemperantes
641 642 747 690 fuissent.

79 700 155 748 Erant
164 702 224 749 enim
236 704 301 751 nobis
312 705 412 768 perirati,
425 706 490 768 quusi
501 706 628 768 quidquem
635 706 663 753 de
670 706 748 754 nostris

78 766 153 814 salute
163 767 347 825 decrevissemus,
360 769 422 832 quod
432 785 478 815 non
493 769 556 815 idem
567 770 613 816 illis
623 771 746 818 censuisse-

78 845 148 886 muse
166 833 283 895 autquasi
296 833 375 880 utilius
391 833 522 896 reipublicae
533 833 610 891 fuerit,
627 848 665 880 eus
677 835 747 882 etiam

79 894 110 941 ad
124 896 250 943 bestiarum
265 897 379 944 auxilium
392 898 522 959 confugere,
534 906 606 959 quam
617 899 654 944 vel
665 898 745 956 emori,

79 959 116 1007 vel
127 975 181 1007 cum
199 973 247 1023 spe,
266 961 346 1009 sinon
364 961 461 1025 optimi,
480 970 503 1008 at
518 961 605 1024 aliqui,
623 969 701 1008 temen
712 961 747 1008 vi·

79 1038 140 1071 vere.

111 1089 148 1136 At
158 1089 183 1136 in
193 1090 326 1152 perturbati
336 1089 453 1153 republicis
464 1089 568 1137 vivimus.
588 1089 649 1148 Quis
659 1091 745 1154 neget?

78 1152 126 1202 Sed
136 1154 180 1201 hoc
191 1154 288 1200 viderint
298 1155 323 1213 ii,
335 1155 376 1218 qui
386 1155 452 1201 nulla
462 1154 505 1201 sibi
515 1153 616 1202 subsidia
626 1154 656 1202 ad
666 1171 746 1204 omnes

77 1218 132 1266 vite
143 1226 214 1265 status
229 1228 380 1281 paraverunt:
398 1219 444 1266 hue
460 1218 522 1265 enim
537 1228 564 1265 ut
580 1219 690 1279 venirem,
707 1236 746 1267 su-

75 1283 152 1346 perior
162 1282 261 1344 longius,
273 1299 346 1345 quam
354 1283 425 1341 volui,
437 1283 505 1329 fluxit
515 1281 593 1329 oratio.
610 1283 672 1331 Cum
683 1285 745 1332 enim
785 1318 802 1338 ,η

77 1355 102 1394 te
116 1361 206 1410 semper
220 1362 332 1410 inagnum
347 1347 464 1394 hominem
474 1346 547 1401 duxi;
565 1355 624 1403 tum,
636 1348 746 1410 quodhis
779 1363 792 1409 ,Ι

75 1410 250 1473 tempestatibus
269 1427 293 1458 es
310 1427 381 1475 prope
398 1412 459 1458 solus
477 1411 502 1457 in
518 1418 595 1472 portu,
612 1410 745 1474 fructusque
770 1440 773 1444 .

76 1475 188 1523 doctrinae
203 1477 300 1539 percipis
311 1492 357 1533 eos,
373 1475 415 1536 qui
430 1473 527 1522 maximi
542 1487 605 1532 sunt,
616 1484 644 1521 ut
655 1491 682 1520 ee
691 1490 746 1522 con.

75 1540 169 1598 sidetes,
184 1555 256 1602 eaque
272 1549 361 1598 tractes,
378 1554 477 1602 quorum
488 1545 511 1584 et
521 1552 575 1584 usus
590 1545 613 1584 et
627 1538 747 1586 delectatio

76 1613 111 1652 est
120 1605 230 1651 omnibus
238 1605 335 1652 istorum
346 1612 369 1651 et
379 1603 434 1651 actis
449 1611 472 1649 et
482 1601 637 1664 voluptatibus
651 1610 747 1664 antepo-

77 1668 161 1717 nenda.

109 1733 228 1797 Equidem
244 1733 286 1780 hos
299 1741 350 1780 tuos
361 1732 545 1779 Tusculanenses
556 1727 603 1777 dies
613 1729 685 1776 instar
698 1744 745 1777 esse

77 1797 132 1846 vitoe
141 1804 199 1861 puto
209 1814 215 1853 ;
235 1797 377 1860 libenterque
384 1796 490 1843 omnibus
501 1809 580 1842 omnes
590 1809 644 1856 opes
655 1809 745 1842 conoes-

76 1863 155 1922 serim,
166 1872 193 1909 ut
204 1862 262 1909 mibi
272 1862 347 1920 liceat,
359 1861 382 1909 vi
392 1860 458 1907 nullis
467 1859 634 1922 interpellante,
645 1858 689 1905 istc
695 1873 745 1907 mo·

75 1927 107 1975 do
117 1926 200 1975 vivere
226 1925 298 1985 Quod
315 1940 356 1973 nos
372 1939 464 1987 quoque
478 1923 604 1980 imitamur,
621 1930 649 1970 ut
665 1939 746 1986 possu-

75 2006 146 2047 mus:
165 1999 188 2038 et
203 1991 228 2037 in
244 1990 326 2037 nostris
345 1989 426 2037 studiis
442 1987 590 2035 libentissime
607 1987 745 2050 conquiesci-

75 2071 138 2104 mus.
156 2055 218 2114 Quis
229 2055 289 2102 enim
297 2054 341 2101 hoc
351 2068 397 2101 non
404 2052 491 2099 dederit
498 2050 571 2109 nobis,
581 2059 608 2098 ut
615 2065 669 2098 eum
676 2051 746 2115 operis

75 2121 154 2170 noent
169 2119 243 2183 patria
253 2119 301 2166 sive
311 2133 357 2166 non
373 2117 444 2180 possit
460 2115 503 2173 uti,
519 2114 566 2163 sive
576 2115 641 2173 nolit,
653 2115 684 2162 ad
694 2131 746 2164 eam

76 2187 150 2234 vitam
161 2192 309 2241 revertamur,
324 2197 396 2246 quam
412 2181 481 2228 multi
497 2179 557 2226 docti
574 2179 686 2236 homines,
698 2181 745 2227 for-

76 2259 137 2299 tasse
147 2263 194 2297 non
211 2256 279 2306 recte,
293 2247 332 2295 sed
350 2256 428 2294 tamen
444 2244 514 2292 multi
530 2245 600 2291 etiem
615 2244 745 2307 reipublice

75 2312 255 2379 praeponendam
265 2313 422 2375 putaverunt?
439 2310 500 2369 Quae
507 2308 668 2372 igiturstudio,
679 2323 746 2370 mag-

77 2393 161 2427 norum
172 2376 293 2425 hominum
305 2374 424 2435 sententie,
432 2373 571 2421 vacationem
582 2373 668 2420 hebent
675 2372 744 2418 etiam

75 2443 164 2506 publici
177 2441 289 2499 muneris,
300 2440 337 2499 iis,
349 2439 483 2488 concedente
499 2436 624 2500 republicd,
641 2451 682 2482 cur
697 2449 743 2481 non

74 2506 217 2557 abutamur?
234 2505 279 2554 Sed
290 2506 343 2568 plus
358 2504 425 2561 focio,
440 2517 510 2566 quem
522 2501 633 2550 Caninius
648 2497 744 2545 mandu-

74 2572 115 2621 vit.
137 2573 162 2620 Is
173 2570 276 2628 enimsi
291 2569 348 2633 quid
363 2584 406 2632 ego
422 2567 510 2625 scirem,
527 2581 553 2612 ro
569 2560 706 2637 itemtquod
718 2570 743 2609 tu

69 2637 187 2695 ¹nescirese
204 2650 246 2698 ego
257 2634 299 2682 tibi
310 2649 336 2681 ee
344 2648 419 2694 narro,
427 2647 479 2696 quie
486 2639 513 2678 tu
520 2644 559 2678 me
568 2628 667 2686 ’essem
674 2640 751 2688 duem
