1650 2948
118 362 165 410 tot
228 362 279 410 Au
295 361 474 412 Dlvuusos.
491 361 552 410 mn.
565 358 627 411 v11.
644 361 685 411 2³·

117 505 141 540 se
150 490 276 552 iacturum,
287 506 341 542 eum
352 491 458 551 venisset,
465 491 514 556 qui
523 503 568 554 ego
574 491 660 541 vellem
669 490 716 541 die·
734 490 787 549 Pac,

116 571 203 620 queso,
215 556 256 620 qui
266 571 309 619 ego
322 571 383 614 sum,
396 571 443 604 esse
457 563 487 603 te.
513 554 587 605 Estne
601 563 644 604 sut
654 555 691 605 tui
772 557 779 569 ‘

118 632 160 668 aut
170 620 250 680 nostri,
264 620 367 683 primum
382 635 463 682 rogare
475 619 504 667 de
520 619 573 675 dier
590 619 676 668 deinde
715 635 790 669 uasn·

119 685 168 732 uuh
178 685 314 748 postulare?
331 684 377 732 Sed
389 693 471 745 esseut,
483 683 518 730 mi
529 683 606 740 Galle,
617 685 699 732 omnia
708 685 789 740 facilis,

119 748 139 796 si
150 757 173 796 et
183 764 210 795 ea
220 756 332 796 memstus
343 763 412 806 esses,
427 763 481 811 quae
492 762 535 811 ego
545 747 714 807 desiderabam,
723 757 753 799 et
762 747 790 797 sd

119 827 171 860 eam
182 827 306 870 summam,
318 827 390 877 quam
400 813 526 860 volueram.
545 815 662 860 Attamen
675 812 722 861 ista
733 813 788 877 ipse,

119 892 173 940 qua
190 884 213 923 te
227 877 309 925 emisse
325 876 413 936 scribis,
424 890 471 924 uon
484 876 560 924 solum
576 887 627 924 raca
640 876 703 925 mihi
718 885 789 936 erunt,

119 940 240 988 sedetiam
292 950 323 989 ta
340 941 414 989 Plane
424 941 487 988 enim
497 939 609 1004 intelligo,
622 948 655 1001 te,
666 954 715 989 non
726 940 792 989 modo

120 1004 204 1064 studio,
224 957 351 1054 seffitiam
363 1020 442 1053 amore
456 1019 534 1062 usum,
569 1020 606 1052 ute
622 1013 646 1052 te
660 1003 799 1053 delmatius·

121 1068 260 1133 (hominen,
276 1079 303 1118 ut
316 1085 358 1134 ego
373 1085 462 1133 semper
472 1068 550 1129 judica
597 1068 623 1116 in
634 1069 701 1117 omni
709 1069 793 1131 jadias

121 1134 336 1197 elegantissimum),
357 1132 479 1199 [queque]
497 1147 535 1180 me
550 1132 621 1196 digua
637 1133 736 1208 putaris,
757 1148 791 1183 ct-

121 1199 210 1246 'e‘misse
234 1200 279 1249 Sed
296 1199 365 1248 velim
376 1205 468 1246 maneat
479 1196 637 1260 Damasippus
660 1212 687 1244 m
706 1206 792 1246 seroten-

121 1262 168 1372 plii:
186 1279 278 1326 prorsus
293 1263 355 1311 enim
366 1277 396 1311 ex
409 1262 458 1311 iotis
471 1260 609 1310 emtionibus
624 1261 718 1312 nullam
735 1262 792 1311 desi·

140 1341 184 1372 ero.

154 1388 195 1463 Tu
205 1400 292 1450 autem,
304 1390 397 1453 ignarus
408 1390 507 1439 instituti
516 1390 572 1451 mei,
583 1391 665 1453 quanti
673 1406 718 1454 ego
723 1406 792 1468 genus

121 1466 216 1500 ommno
233 1455 352 1518 signorum
369 1455 475 1503 omnium
492 1469 540 1502 uon
558 1453 656 1514 murno,
675 1464 735 1504 tanti
751 1457 791 1505 ists

121 1525 221 1580 quatuor
237 1527 278 1566 aut
294 1518 398 1582 quinque
415 1519 524 1567 sumsisti.
549 1518 653 1566 Bacchas
667 1519 724 1568 istas
741 1536 792 1570 cum

122 1579 200 1629 Musis
218 1583 310 1631 Metelli
324 1598 449 1646 comparas.
472 1581 539 1642 Quid
556 1582 652 1631 simile?
675 1583 790 1642 Primum,

121 1649 182 1707 ipsas
194 1663 235 1711 ego
247 1649 329 1695 Musas
339 1662 461 1711 nunquam
472 1647 530 1695 tanti
540 1647 672 1709 puthssemr
691 1649 792 1714 atqueid

121 1713 235 1772 fecissem,
245 1712 322 1759 Musis
332 1712 440 1760 omnibus
451 1711 647 1775 approbantibus:
665 1712 707 1760 sed
717 1723 792 1762 tamur

122 1786 171 1828 erat
185 1786 266 1841 aptum
283 1776 434 1834 bibliothecae,
454 1775 582 1838 studiisque
596 1776 680 1824 nostris
697 1792 792 1842 congru.

123 1859 178 1899 eus;
196 1842 293 1890 Bacchis
305 1856 357 1890 vero
368 1841 409 1888 ubi
419 1849 454 1888 est
463 1838 526 1903 apud
536 1855 575 1887 me
588 1840 671 1888 locus?
691 1841 727 1890 At
741 1843 792 1906 pul·

123 1908 203 1957 chellae
213 1914 274 1954 sunt
292 1905 355 1953 Novi
365 1905 460 1968 optime,
472 1913 495 1952 et
506 1919 565 1967 saepe
576 1903 637 1952 vidi:
656 1907 792 1954 nominatim

122 1973 166 2020 tibi
179 1971 244 2033 signa
256 1969 315 2016 mihi
329 1978 383 2016 nota
395 1968 581 2027 maudhssem‚si
596 1968 738 2031 probissem.
755 1971 793 2022 us

123 2036 186 2083 enim
197 2035 262 2096 signa
277 2049 320 2096 ego
331 2048 405 2080 emere
420 2034 489 2091 soleo,
501 2048 562 2096 quae,
574 2031 605 2079 ad
619 2032 793 2082 similitudinem

122 2098 304 2162 gymnasiorum,
310 2105 420 2144 exornent
426 2096 485 2144 mihi
492 2096 517 2143 in
523 2096 629 2160 palestra
635 2097 722 2146 locum.
730 2099 793 2148 Mar.

122 2162 152 2210 tis
164 2177 216 2210 vero
233 2161 326 2224 signum
344 2176 391 2224 quo
407 2161 474 2219 mihi,
490 2161 552 2224 pacis
571 2161 677 2210 auctori?
699 2162 793 2212 Gaudeo

122 2227 216 2274 nullum
227 2225 320 2274 Saturni
331 2225 423 2288 signum
435 2225 520 2273 fuisse:
538 2225 587 2273 haec
598 2225 661 2273 enim
671 2224 719 2274 duo
730 2228 792 2292 signs

140 2298 229 2337 utarem
245 2290 304 2337 mihi
317 2306 348 2337 aes
363 2290 465 2337 alienum
478 2289 587 2338 attulisse.
610 2289 724 2338 Mercurii
735 2292 793 2340 mal·

123 2306 171 2401 fem
188 2354 282 2417 aliquod
303 2355 399 2402 fuissetr
422 2353 511 2402 felicius
533 2355 611 2417 (puto)
629 2369 683 2402 cum
701 2357 793 2405 Avieno

123 2418 247 2480 transigere
263 2434 389 2482 possemus.
410 2419 481 2478 Quod
495 2418 538 2465 tibi
552 2417 678 2467 destinaras
690 2428 792 2484 trapezo.

123 2483 221 2547 phoron,
237 2483 256 2529 si
269 2493 292 2530 te
304 2483 409 2541 delectat,
426 2483 536 2530 habebis:
557 2481 592 2529 sin
609 2491 689 2531 autem
702 2494 791 2533 senten-

122 2548 181 2596 tiam
191 2547 295 2605 mutasti,
307 2562 349 2610 ego
356 2548 446 2595 habebo
457 2547 548 2595 scilicet.
566 2545 616 2594 lete
622 2547 719 2610 quidem
729 2564 792 2597 sum.

122 2613 164 2662 mia
174 2627 203 2661 nc
211 2626 254 2674 ego
264 2611 339 2658 multo
346 2610 455 2659 libentius
465 2610 561 2658 emerim
571 2609 723 2661 diversorium
733 2613 792 2662 Ter·

122 2679 214 2736 raciuae‚
225 2691 254 2723 ne
263 2691 352 2738 semper
364 2674 395 2723 ho
422 2675 449 2722 iti
458 2676 567 2723 molestus
575 2674 627 2721 sim.
644 2675 751 2725 Omnino
763 2677 792 2725 li-

122 2744 182 2794 berti
191 2741 238 2790 mei
245 2739 309 2788 video
320 2755 367 2788 esse
415 2754 479 2802 pam,
487 2739 641 2802 uriplaneres
648 2748 791 2790 certasmsm

119 2809 219 2864 diram
235 2805 338 2868 itemque
347 2804 365 2851 J
366 2803 424 2864 unii,
435 2819 506 2867 quem
515 2812 573 2868 puto
584 2801 627 2852 tibi
640 2814 726 2855 uotum
736 2807 791 2866 esre,

113 2873 206 2925 Ariani
217 2869 368 2924 familiarem.
770 2910 773 2915 .
