1650 2948
192 122 242 168 Al)
259 121 614 171 DIVERsosnut.x..1s
689 127 736 177 297

99 250 150 295 0
135 259 224 309 grutam
236 252 322 297 terrram
334 253 454 298 biduot
416 263 454 298 ant
456 270 467 298 e
482 254 516 299 vic
519 254 608 306 turiani,
624 252 679 297 dc
663 256 717 298 subs
719 254 737 297 i-

65 315 105 359 dio
118 327 165 370 tuo,
180 315 208 360 de
226 317 309 374 studio,
326 318 354 363 de
371 318 490 373 celeritate,
505 319 533 363 tio
547 318 632 379 copiis!
657 322 737 379 Atque

65 379 136 425 etiarn
148 380 251 426 hostibus
265 382 331 438 fusis,
347 398 399 443 spes
412 383 486 428 omnis
502 384 526 428 in
542 392 564 428 te
579 391 621 428 est.
642 382 739 443 Fugisse

66 443 130 490 enim
141 458 170 490 ex
181 445 261 506 proelio
276 445 407 493 Mutinensi
422 445 530 493 dicuntur
543 445 656 494 notissimi
670 445 739 493 latro·

66 520 126 555 num
137 507 213 556 duces.
230 509 275 556 Est
289 517 367 558 autem
381 524 428 557 non
440 510 518 558 minus
530 519 624 572 gratum
637 518 740 558 extrema

66 570 152 629 delere,
168 587 239 635 quam
254 573 331 683 prima
346 573 466 636 depellere.
488 574 606 637 Equidem
622 582 739 637 exspecta-

65 636 245 696 bamjamtuas
265 637 392 700 ιιιιι,ιιι(ι
391 639 588 687 uecummultisz
606 639 738 702 sperabam-

66 715 115 775 qpe
125 700 204 759 etiam,
216 701 342 775 Lepidum,
358 701 490 776 reipublice
500 703 643 765 temporibus
656 702 738 750 admo-

67 764 154 822 ιιιιιιιιι,
165 773 242 812 tecum
252 765 384 828 reipublicae
394 767 448 813 satis
461 781 509 814 esse
522 766 646 814 facturum.
670 765 738 814 luil-

66 828 138 877 lam
130 828 202 890 igitur
215 844 294 876 cruam
309 830 426 886 incumbe,
443 830 477 877 mi
493 831 587 887 Plance,
604 839 631 878 ut
647 845 677 878 ne
692 847 740 894 qua

67 892 168 941 scintilla
188 893 298 941 teterrimi
319 895 375 942 belli
392 895 542 958 relinquatur.
570 894 677 952 Quod
659 910 678 942 ιι
696 895 739 943 erit

65 957 163 1016 factum,
181 965 204 1004 et
226 972 273 1004 rem
275 959 392 1020 publicam
407 911 485 1006 diviio
500 958 609 1007 beneficio
628 958 737 1019 affeceris,

65 1021 153 1137 3152oe
167 1029 276 1069 aeternam
275 975 386 1085 pglorium
396 1038 541 1086 consequere.
563 1023 597 1071 D.
613 1022 655 1071 III
672 1024 736 1073 Non.

99 1101 138 1134 ara

179 1280 250 1343 (15.)
275 1281 432 1331 russeus
449 1281 626 1332 cronnour.

99 1409 295 1471 (Argumentum.
302 1436 333 1447 -
340 1410 449 1469 Nuntiat,
456 1427 510 1474 quae
519 1411 550 1459 ad
559 1409 737 1474 opprimendum

65 1473 201 1524 Antonium
210 1484 233 1522 et
242 1475 313 1539 egerit
324 1484 347 1522 et
357 1483 448 1523 acturus
459 1473 506 1536 ιιι.)

102 1603 149 1651 His
165 1603 236 1652 literis
254 1604 422 1666 scriptisque
433 1612 512 1678 postea
526 1601 666 1661 mcidissent,
684 1600 740 1649 scire

67 1677 100 1728 te,
112 1667 143 1715 ad
154 1668 327 1731 rempublicam
336 1668 417 1731 putavi
428 1667 547 1730 pertinere.
565 1665 679 1716 sedulitas
687 1680 740 1714 mea

68 1735 109 1797 (ut
119 1742 194 1795 spero)
203 1742 227 1780 et
209 1685 294 1778 pmihi
305 1742 327 1779 et
338 1732 468 1794 reipublice
478 1731 533 1780 tulit
542 1731 651 1780 fructum.
663 1729 740 1778 Nam·

66 1812 115 1860 que
126 1796 239 1845 assiduis
232 1797 378 1845 internuntiis
389 1812 442 1844 cum
453 1797 544 1860 Lepido
552 1796 597 1859 egi,
608 1805 644 1853 ut,
655 1793 740 1843 omissi

67 1861 133 1910 omni
148 1861 299 1917 contentione,
316 1859 505 1925 reconciliatique
521 1861 638 1909 voluntate
653 1858 741 1918 nostri,

67 1941 187 1974 sommum
180 1926 287 1974 consilio
298 1925 429 1987 reipublicae
440 1935 592 1973 succurreret.
605 1940 637 1983 se,
648 1924 740 1982 liberos,

67 1991 205 2053 Urbomquo
221 1990 301 2053 pluris,
314 2005 384 2052 quam
395 2004 470 2036 unum
482 1989 598 2052 perditum
613 1958 740 2063 alrjqctum·

68 2069 115 2117 que
126 2055 247 2113 latronem,
263 2061 368 2116 putaret.
386 2053 541 2117 obsequioque
555 2067 616 2104 meo
627 2053 647 2100 si
659 2053 692 2100 ita
706 2053 741 2099 fa-

68 2129 138 2175 eeret,
150 2118 180 2164 ad
190 2133 269 2165 onmes
280 2134 315 2165 res
325 2119 464 2164 abuteretur.

102 2182 192 2230 Profeci
201 2182 279 2244 itaque
289 2197 331 2244 per
340 2181 489 2229 Laterensem
502 2181 676 2230 internuntium.
699 2180 740 2227 Fi-

68 2245 123 2294 dem
134 2246 193 2293 mihi
203 2245 274 2303 dedit,
290 2262 313 2294 se
323 2245 465 2303 Antonium,
479 2247 499 2295 si
514 2246 633 2310 prohibere
647 2245 741 2309 provin-

68 2311 105 2358 ιιι
121 2310 164 2358 sud
177 2325 224 2357 non
238 2311 357 2384 potuisset,
374 2311 435 2358 bello
450 2321 638 2385 persecutumma
656 2325 702 2367 me,
714 2320 741 2356 ut

68 2375 179 2431 venirem,
202 2374 323 2437 copiasque
343 2377 514 2450 conjungerem,
536 2375 640 2438 rogavit,
668 2389 741 2436 eoque

68 2439 150 2502 magis,
163 2437 226 2502 quod
237 2447 260 2486 et
270 2439 388 2487 Antonius
399 2441 429 2486 ab
442 2441 545 2503 equitatu
556 2440 637 2486 finnus
648 2452 695 2484 esse
705 2436 741 2482 di-

67 2506 171 2561 debatur,
187 2512 210 2550 et
225 2503 328 2566 Lepidus
341 2518 371 2551 ne
385 2503 523 2552 mediocrem
540 2502 639 2577 quidem
648 2499 740 2564 equita-

67 2576 119 2615 tum
136 2568 243 2616 habebat
265 2569 339 2626 Nam,
356 2567 426 2616 etiam
442 2584 472 2615 ex
488 2567 602 2641 paucitate
618 2565 678 2625 ejus,
691 2577 739 2611 non

65 2631 147 2681 multis
164 2640 217 2680 ante
232 2631 321 2692 diebus,
337 2631 426 2692 decem,
438 2632 480 2696 qui
494 2629 578 2696 optimi
591 2628 696 2685 fuerant„
708 2627 742 2674 ad
