1650 2948
186 158 237 206 AD
254 158 432 208 DIVERSOS.
451 159 614 206 L1u.1x.16.
692 156 740 201 263

72 289 204 335 scribuntur
215 289 277 351 apud
288 299 412 335 amatorem
422 299 498 343 tuum,
510 288 645 334 familiarem
655 300 741 330 mcum.

73 354 106 399 Et
118 353 221 415 quidem,
234 355 320 400 cumin
330 365 432 400 mentem
444 355 513 407 venit,
526 368 598 415 ponor
606 351 635 396 ad
644 350 742 396 scriben-

73 417 147 464 dum:
166 426 189 464 et
199 427 252 465 ente
259 419 328 464 eudio
336 419 567 465 senatis-consultum
574 417 598 462 in
607 413 742 460 Armeniam

73 490 98 530 et
108 481 201 545 Syriam
211 496 260 529 esee
270 482 395 544 perlatum,
407 481 469 545 quod
480 481 505 527 in
515 496 592 528 meam
607 477 743 527 sententiam

73 545 164 593 tecum
174 561 223 593 eeee
232 545 330 605 dicetur,
338 561 409 609 quam
419 544 513 593 omnino
519 545 659 592 mentionem
670 541 744 588 ullam

73 608 105 657 de
114 606 141 657 ei
151 625 176 657 re
186 625 235 657 esee
245 609 337 657 factem.

107 674 190 736 Atque
199 673 243 721 hoc
253 674 325 722 nolim
333 689 370 722 me
376 673 448 734 joeeri
457 681 531 736 putee
549 673 613 719 Nem
623 669 682 718 mihi
690 666 746 716 seito

72 739 125 799 jem
135 753 151 785 e
160 737 252 800 regibus
264 738 352 784 ultimis
362 739 442 785 allatae
453 753 500 784 esee
510 735 595 795 literas,
607 735 691 798 quibus
701 731 747 779 mi·

75 801 102 849 hi
112 802 197 866 gratias
208 811 286 864 agent,
299 802 361 865 quod
372 818 396 850 se
405 801 459 848 mei
469 800 582 848 sententie
593 814 656 861 reges
667 796 746 860 appel-

75 867 189 914 laverim:
208 881 266 929 quos
280 881 323 929 ego
338 882 385 914 non
399 865 469 913 modo
483 880 548 927 reges
561 863 696 928 appellatos,
707 859 747 908 eed

75 931 172 978 omnino
182 939 257 989 netes,
264 931 400 978 nesciebam.

110 994 177 1054 Quid
194 1010 248 1057 ergo
262 998 314 1042 eet?
331 1003 417 1055 temen,
431 994 543 1058 quamdiu
556 993 596 1041 hic
613 992 656 1040 erit
672 999 748 1040 noster

77 1059 116 1108 hie
125 1058 247 1122 prefectus
257 1059 368 1119 moribus,
381 1061 465 1122 perebo
476 1057 604 1106 auctoritati
614 1066 675 1105 tuaee
693 1058 748 1104 cuin

77 1138 132 1173 vero
142 1122 224 1181 aberit,
235 1123 265 1170 ed
275 1123 359 1185 fungos
374 1138 414 1170 me
429 1131 480 1170 tuos
494 1123 620 1170 conferam.
641 1121 748 1169 Domum

77 1188 98 1236 ei
109 1188 208 1246 habebo,
226 1187 251 1233 in
269 1186 339 1234 denos
357 1187 405 1235 thee
423 1187 524 1250 singulos
542 1185 676 1234 sumtuerive
729 1185 735 1196 '

77 1252 127 1300 dies
137 1251 261 1299 eonferem.
278 1251 406 1299 sinautem
413 1252 490 1299 minus
500 1251 608 1300 invenero
618 1251 681 1314 quod
696 1267 712 1314 p
737 1253 748 1291 -'

78 1325 137 1374 eeet,
149 1315 238 1363 decrevi
248 1315 351 1363 habitere
369 1315 432 1378 epud
450 1324 479 1363 te.
503 1316 554 1364 Seio
566 1316 627 1363 enim
641 1330 680 1362 me
690 1314 749 1363 nihil

77 1381 121 1428 tibi
132 1379 219 1444 gratius
226 1379 300 1426 faeere
307 1395 380 1442 posse.
398 1380 504 1427 Domum
512 1380 632 1427 Sullanam
643 1379 749 1442 despere-

70 1447 133 1499 ‘bem
142 1445 202 1506 jem,
220 1452 247 1491 ut
260 1443 303 1491 tibi
317 1444 423 1507 proxime
440 1443 535 1507 scripsit
552 1443 592 1491 sed
609 1451 687 1491 temen
702 1457 748 1492 non

77 1507 166 1572 ebjed:
173 1507 222 1566 Tu,
230 1507 309 1566 velim,
320 1508 442 1566 ueneritis,
454 1521 508 1554 cum
518 1506 589 1554 febris
599 1522 651 1554 eem
661 1507 750 1570 perepi-

77 1573 132 1622 οἱα.
153 1571 252 1622 sienim
267 1571 542 1635 nihileetinperietibue
555 1570 631 1618 autin
646 1569 749 1618 teetovi-

78 1638 115 1700 tii,
126 1646 208 1688 eetertt
217 1635 277 1684 mihi
287 1637 453 1701 probabuntur.
470 1635 538 1684 vate.

146 1828 218 1895 (rt.)
236 1828 529 1880 c1cert0rAr1e10
546 1826 648 1877 Piero
665 1826 690 1876 s,

112 1958 470 2021 (dmentem-Ostendit,
482 1957 566 2006 nihile
580 1973 604 2006 ee
614 1956 752 2022 pretermis-

79 2036 134 2071 eum
141 2023 166 2070 in
178 2022 360 2071 Ceserienomm
372 2023 513 2072 eondliendi
524 2023 567 2070 eibi
577 2021 750 2070 benevolendi:

79 2102 122 2135 nec
133 2086 189 2134 boni
204 2087 258 2135 eivie
271 2095 312 2134 eut
331 2103 357 2135 ee
372 2088 439 2135 ientis
453 2087 553 2135 hominis
570 2085 671 2134 officium
688 2086 713 2132 in
728 2100 752 2133 ee

78 2150 204 2274 (fflenri
214 2166 294 2215 poteez
311 2105 405 2201 teniem
416 2152 446 2199 ed
457 2151 515 2199 Paeti
524 2150 648 2212 joeetionee
658 2164 751 2215 respon-

114 2343 269 2393 Delettirunt
286 2360 325 2393 me
343 2353 391 2393 tue
406 2344 496 2402 literaet
512 2345 537 2392 in
555 2345 639 2410 quibus
649 2344 752 2408 primum

81 2407 159 2457 emevi
170 2423 272 2457 emerem
280 2418 357 2469 tuum,
366 2409 407 2472 qui
415 2417 438 2457 te
448 2410 478 2457 ed
486 2409 630 2457 scribendum
641 2405 753 2466 incitavit,

81 2481 209 2532 verentem,
220 2488 250 2520 ne
262 2473 333 2522 Silius
348 2489 391 2521 euo
408 2473 489 2521 nuntio
526 2474 531 2484 '
549 2473 590 2520 uid
602 2472 661 2520 mihi
672 2468 755 2518 solliei-

81 2537 171 2602 tudinis
188 2537 317 2586 attulieetz
335 2537 492 2601 dequnettu
529 2537 644 2584 '‘entee
660 2532 703 2581 etri
744 2562 755 2574 -

81 2616 129 2660 ree,
140 2601 179 2648 bie
190 2601 285 2665 quidem
296 2602 376 2650 eodem
387 2602 509 2665 exemplo;
525 2601 592 2649 facite
605 2607 632 2646 ut
642 2598 667 2644 in

80 2679 143 2725 rem,
156 2673 180 2713 te
190 2680 239 2716 me
248 2674 410 2726 commotum
427 2674 451 2716 et
461 2664 776 2731 egetitireeeeretexeeme·
