1650 2948
198 119 249 170 Ab
264 122 441 174 DIVERSOS.
459 125 519 172 luo.
532 124 591 173 Vll.
608 127 631 172 6.
708 126 756 173 lto

83 257 121 305 te3
139 240 224 313 quibus
235 253 258 299 in
266 253 372 300 extremis
384 254 493 316 scriptum
501 264 556 312 erat,
575 258 592 281 “
605 254 640 299 Μ.
649 253 752 311 Orfium,

84 330 154 376 quem
172 316 230 361 mihi
247 318 402 375 commendas,
419 319 454 364 vel
469 334 546 379 regem
566 318 648 364 Galliae
660 318 751 374 faciam,

83 379 120 424 vel
130 379 193 427 hunc
212 379 305 444 [Leptae
320 382 420 446 delego]
441 383 466 432 si
480 384 513 430 vis
532 392 566 441 tu,
582 383 612 429 ad
627 398 664 428 me
680 382 752 428 ulium

83 443 158 502 mitte,
171 460 240 507 quem
251 445 357 493 omem.’'
380 447 520 494 Sustulimuo
531 461 623 505 munus,
639 454 662 494 et
673 460 715 509 ego
729 453 753 492 et

82 506 180 556 Balbus.
206 509 284 557 'Ponte
304 509 351 557 fuit
362 511 528 574 opportunitas,
547 519 574 558 ut
595 510 654 558 illud
676 508 751 558 nescio

84 571 155 634 quod,
164 587 211 620 nou
221 573 352 634 fortuitum,
364 575 405 623 sed
415 574 529 633 divinum,
540 575 661 624 videretur.
678 573 752 621 Mitto

81 634 152 697 igitur
163 637 193 684 od
208 645 231 685 te
246 638 399 695 Trebatiume
416 648 485 702 etque
501 639 535 686 ite
550 640 626 700 mitto,
643 648 670 686 ut
684 637 750 686 initio

81 699 135 810 anei
151 711 240 775 sponte,
258 712 311 767 poet
329 713 407 752 autern
425 703 523 751 invitatu
543 713 593 764 tuo,
609 703 752 752 mittendum

97 779 196 813 uxenm.

112 829 192 886 Hune,
212 832 248 878 mi
262 831 347 892 Cesar,
365 832 396 880 eie
413 832 483 881 velim
502 831 566 879 omni
581 832 622 879 tub
643 832 751 880 nomitate

79 895 237 956 complectare,
248 905 276 944 nt
286 896 371 956 omnio,
382 913 436 961 que
446 913 490 960 per¹
497 912 536 943 me
546 897 618 959 poesie
628 895 711 943 odduei
721 905 752 944 ut

78 955 104 1004 in
113 973 177 1006 meos
187 961 288 1009 oonferre
302 961 366 1021 velis,
381 961 406 1008 in
417 977 492 1009 unum
504 961 567 1008 hune
576 960 685 1009 conferas.
709 959 749 1008 De

79 1037 126 1085 quo
137 1023 181 1071 tibi
196 1024 289 1072 homine
304 1025 354 1074 baee
364 1026 473 1089 spondeo,
485 1040 532 1073 non
542 1025 583 1072 illo
593 1033 668 1073 vetere
678 1026 749 1073 verbo

79 1100 139 1147 meo,
155 1089 227 1151 quod,
238 1105 292 1136 eum
303 1090 332 1137 ed
345 1099 368 1138 te
384 1091 412 1138 de
427 1091 518 1138 Milone
533 1089 679 1154 scripsissem,
694 1090 748 1150 jure

78 1150 152 1199 lusisti
162 1169 170 1209 ;
188 1153 229 1200 sed
239 1169 303 1202 more
314 1155 429 1213 Romano,
441 1171 487 1218 quo
502 1155 571 1203 modo
585 1155 689 1202 homines
699 1168 748 1202 non

78 1213 151 1280 inepti
171 1218 314 1280 loquuntur;
335 1219 463 1282 probiorem
481 1219 607 1279 hominem,
627 1219 748 1267 meliorem

78 1279 163 1340 virum,
178 1282 346 1345 pudentiorem,
357 1299 405 1330 etse
418 1283 542 1333 neminem.
558 1283 656 1332 Accedit
666 1284 745 1342 etiem,

78 1344 141 1406 quod
151 1345 266 1393 familiam
276 1346 354 1404 ducit;
371 1347 396 1394 in
411 1349 463 1409 jure
480 1348 541 1396 civili
558 1348 681 1411 singularis
695 1362 747 1395 me·

77 1409 158 1470 morio,
171 1412 372 1459 summoseientia.
388 1412 451 1459 Huic
460 1428 501 1474 ego
509 1427 584 1475 neque
592 1412 744 1472 tribunatum,

76 1487 151 1536 neque
169 1475 336 1538 prefecturam,
356 1491 431 1539 neque
448 1476 518 1523 ullius
538 1475 641 1523 beneficii
658 1484 746 1523 eertum

76 1551 170 1595 nomen,
185 1548 255 1602 peto3
272 1541 453 1588 benevolentiam
471 1549 536 1587 tuem
551 1547 575 1586 et
584 1539 745 1586 liberalitatem

76 1611 142 1664 peto:
161 1618 237 1666 neque
252 1604 361 1667 impedio,
378 1604 511 1668 quominus,
523 1603 594 1651 sitibi
609 1603 642 1650 ita
654 1604 746 1665 placue-

76 1665 113 1727 rit,
126 1666 196 1715 etiam
207 1668 268 1716 hisee
282 1685 335 1716 eum
346 1685 412 1717 ornes
422 1669 523 1731 gloriolae
534 1667 670 1730 insignibus.
696 1667 745 1714 To·

75 1738 126 1778 tum
143 1732 243 1796 denique
259 1732 378 1781 hominem
393 1734 436 1780 tibi
446 1735 478 1781 ito
494 1733 558 1781 trado
575 1732 604 1778 de
617 1746 690 1779 manu
704 1738 746 1790 (ut

76 1793 152 1856 aiunt)
171 1795 196 1842 in
213 1812 310 1844 manum
332 1806 397 1845 tunm
415 1798 484 1845 istem
506 1807 529 1845 et
546 1796 640 1845 victorin
658 1804 681 1844 et
698 1796 743 1844 fide

75 1869 228 1922 prestantem.
252 1862 329 1910 Simus
344 1863 405 1909 enim
416 1863 580 1926 putidiuseuli;
598 1876 741 1925 quamquam

74 1939 114 1986 per
124 1933 148 1972 te
162 1925 202 1972 vix
215 1925 282 1973 lieet:
300 1942 389 1984 verum,
405 1936 432 1974 ut
442 1927 516 1988 video,
531 1926 617 1976 licebit.
633 1926 704 1988 Cura,
714 1935 743 1973 ut

74 1988 164 2047 velens3
181 1997 205 2037 et
214 2005 261 2051 me,
273 1999 300 2038 ut
309 2006 381 2051 omas,
393 2007 452 2038 ama.

171 2141 225 2208 (6.)
242 2142 371 2192 CICERO
389 2141 571 2193 TREBATIO
588 2145 613 2193 S.
623 2143 657 2191 Ι).

105 2249 340 2314 (Argunwrztum.—
350 2249 496 2308 Trebatium,
514 2249 651 2297 desiderium
668 2249 743 2299 Urbie

74 2312 217 2377 impatienter
228 2314 347 2372 ferentem,
358 2313 462 2361 hortatur
470 2323 497 2361 ut
509 2323 602 2361 maneat
612 2314 636 2360 in
647 2316 741 2377 provin·

75 2377 116 2437 eit,
131 2379 274 2441 laboretque,
285 2386 312 2425 ut
322 2378 346 2425 id
357 2388 516 2441 consequatur,
528 2381 593 2441 cujus
604 2380 673 2426 causi
687 2393 741 2443 pro·

65 2441 144 2496 ,fertus
153 2441 252 2504 fuerat.)

369 2533 435 2542 ——

103 2572 133 2619 In
142 2572 251 2620 omnibus
266 2571 324 2620 meio
339 2570 449 2634 epistobs,
461 2587 518 2635 quas
528 2571 558 2620 ad
569 2571 682 2619 Gaeoorem
699 2579 742 2618 aut

72 2635 100 2684 td
110 2636 214 2692 Balbum
219 2636 296 2698 mitto,
304 2635 408 2700 legitimo
415 2635 525 2703 quedem
532 2634 672 2687 ermeno
681 2649 751 2683 eom·
