1650 2948
164 131 215 180 nn
231 104 409 182 nivn'nsos.
428 134 488 182 nm.
506 135 552 182 ix.
574 136 610 183 io.
677 138 724 183 ooo

56 263 100 309 nisi
120 263 198 308 moad
210 263 252 308 has
268 263 439 309 exercitationes
452 265 588 319 retulissem,
602 263 732 308 exaruisset.

88 327 228 373 Extremum
247 327 305 372 illud
319 338 359 383 ost,
379 329 440 389 qnod
455 337 479 372 tn
492 329 566 374 nescio
578 343 606 373 un
625 329 726 389 prinnini

54 401 138 454 putes:
156 391 233 453 plures
246 393 296 451 jam
309 406 409 453 pavones
422 392 516 451 confeci,
528 408 599 455 quam
611 401 635 437 tu
651 392 727 453 pullos

54 454 206 503 columbinos.
223 455 264 501 Tu
275 454 325 502 istic
336 456 476 504 teAteriano
484 456 537 516 jure
544 456 669 512 delectato3
685 471 728 518 ego

53 534 94 567 ine
103 519 143 567 hic
154 519 269 567 Hirtiano.

88 583 151 632 Veni
161 583 240 646 igitur,
252 583 271 630 si
282 583 317 630 vii·
327 599 366 639 εις
384 592 407 631 et
417 583 477 632 disce
491 585 541 645 jam
557 591 726 646 πριιλιγομινας,

55 663 115 712 quas
132 648 232 712 quaeris:
250 647 292 696 etsi
309 663 347 695 sus
362 648 502 697 Minervam.
519 647 565 697 Sed
583 646 684 711 quando,
699 655 726 693 ut
786 652 788 656 '

55 712 131 772 video,
150 711 311 760 estimationes
328 719 379 760 mas
394 711 490 762 vendere
502 727 549 760 non
566 721 727 774 paeanaque

56 777 128 825 ollain
145 776 292 824 denaniorum
306 776 412 839 implere,
428 777 529 824 Romam
543 777 586 824 tibi
600 775 727 837 remigmn·

56 841 115 888 dum
126 849 167 888 est.
185 841 262 889 Satius
273 850 306 887 est
320 840 360 889 hic
373 840 492 899 cruditate,
507 855 578 904 quam
594 840 645 886 istic
657 839 726 886 fame
782 886 784 890 ,

57 904 164 953 Videote
171 907 233 953 bona
240 905 364 980 pendidisse
374 923 381 953 z
399 906 531 968 speroidem
540 905 600 952 istuc
606 903 729 951 familiares

56 976 116 1017 tuos.
133 970 223 1017 Actum
239 969 311 1033 igitur
327 969 356 1017 de
373 979 397 1017 te
412 977 454 1027 est,
471 969 516 1017 nisi
529 967 642 1032 provides.
659 967 727 1015 Potes

56 1033 124 1081 mulo
133 1034 187 1092 isto,
205 1049 275 1098 quem
285 1033 328 1082 tibi
344 1034 460 1098 reliquum
471 1033 527 1082 dicis
538 1048 594 1089 esse,
609 1047 663 1079 cum
674 1046 728 1080 can·

56 1097 160 1145 diarium
177 1098 302 1157 comedisti,
318 1098 419 1146 Romam
436 1098 536 1162 pervehi.
554 1097 616 1147 Sella
628 1096 671 1145 tibi
685 1096 728 1144 erit

56 1160 165 1223 inludo,
184 1170 305 1226 tamquam
323 1162 510 1226 hypodidascalo,
531 1161 654 1227 proximas
674 1175 726 1210 eam

55 1226 167 1292 pulvinus
177 1237 291 1291 sequetur.
307 1227 376 1276 Vale.

73 1414 141 1475 (19.)
158 1413 327 1465 CICERO-S.
336 1413 369 1462 D.
386 1414 416 1462 L.
426 1412 572 1463 PAPIRIO
589 1410 700 1460 PAETO.

90 1546 329 1609 (Argumentum...
339 1545 464 1609 Scripserat
479 1544 565 1600 Fetus,
577 1542 680 1590 Balbum
693 1549 727 1615 tq-

53 1609 101 1687 nui
110 1620 222 1722 aqpaiatu
229 1612 306 1688 'fuisse
316 1619 456 1659 contentum.
472 1606 543 1656 Unde
551 1608 648 1667 jocatur,
659 1605 727 1680 mali-

56 1675 284 1789 ugoeqcfinqinctqmqt
290 1690 427 1800 gaqiciqrqqe)
437 1672 467 1722 ad
481 1672 587 1720 eamdem
597 1678 638 1718 aut
651 1683 727 1717 mino-

93 1869 186 1917 Tamen
200 1885 215 1916 a
231 1867 321 1917 malitie
332 1884 379 1916 non
393 1867 497 1916 discedis.
513 1864 644 1914 Tenuiculo
657 1878 672 1909 a
687 1878 729 1926 pa·

58 1943 113 1982 ratu
121 1933 235 1997 significas
241 1933 344 1982 Balbum
352 1933 421 1980 fnisse
429 1939 569 1980 contentum.
587 1930 641 1978 Hoc
646 1878 729 2000 videsis

60 1998 145 2058 dicere,
156 2014 211 2047 cum
222 2014 285 2061 reges
296 2007 344 2045 tam
355 1998 401 2045 sint
411 1997 559 2055 continentes,
570 1995 645 2042 multo
655 2006 729 2053 magis

59 2063 192 2111 consulares
209 2079 257 2112 esse
275 2071 385 2144 oportere.
402 2062 483 2110 Nescis
497 2075 536 2107 me
552 2061 582 2107 ab
598 2059 639 2106 illo
651 2055 730 2104 omnia

60 2127 222 2190 expiscatum:
240 2137 302 2176 recta
319 2142 372 2174 eum
387 2126 476 2190 sportis
488 2125 585 2172 domum
595 2136 673 2170 meam
689 2135 728 2167 ve·

58 2191 129 2239 uisse.
147 2193 230 2268 Neque
243 2193 288 2241 hoc
304 2191 412 2252 admiror,
427 2190 490 2254 quod
504 2204 550 2237 non
564 2189 594 2236 ad
608 2195 673 2234 tuam
688 2199 730 2257 pq-

48 2254 125 2313 'tius3
142 2257 182 2304 sed
192 2257 260 2316 illud,
271 2256 334 2320 quod
344 2271 390 2304 non
401 2256 431 2303 ad
441 2271 514 2303 suani.
531 2253 584 2316 Ego
594 2261 672 2299 autem
682 2263 731 2312 pn·

61 2319 109 2367 mis
119 2320 193 2369 tribus
203 2321 285 2382 veihis,
297 2321 363 2381 Quid
370 2329 446 2368 noster
456 2318 552 2367 Paetus?
569 2325 593 2365 et
603 2317 651 2376 ille,
663 2313 730 2386 adjii·

61 2399 125 2444 rans,
138 2386 262 2450 Nusquam
277 2402 301 2434 se
311 2401 416 2449 unquam
425 2385 540 2434 libentius.
557 2382 611 2430 Hoc
621 2379 641 2426 si
655 2378 729 2426 verbis

50 2459 179 2498 ‘nwcutus
194 2466 226 2509 es,
238 2466 303 2498 aures
314 2450 343 2498 ad
356 2459 378 2498 te
388 2450 481 2498 affeiam
492 2463 539 2495 non
549 2448 627 2494 minus
638 2443 729 2515 elegan-

50 2525 112 2562 =tes=
130 2515 165 2562 sin
180 2524 258 2563 autem
273 2515 383 2578 opsonio3
399 2523 453 2578 peto
469 2529 484 2560 a
499 2522 531 2572 te,
548 2526 578 2558 ne
591 2509 664 2581 pluris
681 2519 729 2552 esse

60 2578 141 2628 balbos
158 2595 229 2643 quam
248 2579 342 2627 disertos
356 2588 430 2642 putes
448 2577 491 2625 Me
505 2574 607 2638 quotidie
619 2569 683 2645 aliud
700 2584 729 2616 eii

59 2644 106 2694 ulio
123 2644 227 2707 impedit.
244 2643 298 2706 eoo,
316 2644 336 2693 si
350 2659 389 2694 me
399 2641 533 2752 expuiieiq,
542 2637 612 2750 oasin
621 2643 672 2682 istu·
680 2634 740 2680 iosa-

504 2716 512 2728 ·
537 2720 554 2752 a
