1650 2948
193 102 244 158 ᾸῙ)
255 107 437 162 1111111808.
456 111 515 159 Lrn.
536 111 581 159 Vl.
600 115 623 159 tt.
697 110 742 157 lssn

72 244 115 286 ant
125 235 248 302 impetrati
259 239 332 303 (quod
342 240 428 303 spero),
444 251 485 288 aut
499 240 577 304 aliqui
592 240 679 287 ratione
690 253 742 285 con-

72 299 140 413 {ecumtd
165 304 324 362 Quamobrem
335 321 413 353 censeo
427 321 512 368 magno
522 321 589 368 opere
600 318 744 352 commoran-

107 430 139 478 Τ.
152 431 264 480 Furfanio
278 434 399 493 Postumo,
416 433 524 481 familiari
538 448 599 490 meo,
617 431 744 495 legatisque

72 494 134 556 ejas
145 495 201 543 item
211 496 269 544 meis
284 497 444 556 familiaribus,
460 497 632 572 diligentissime
647 505 670 544 te
680 510 744 543 nnm-

73 558 199 620 mandabo,
210 576 264 609 cum
274 562 392 609 emerintr
404 571 469 610 erant
476 577 537 609 enun
548 575 627 609 omnes
634 559 743 608 Mutina.

74 621 130 671 viri
140 632 195 672 mat
204 625 295 689 optimi,
306 635 329 673 et
339 625 374 673 tui
384 625 494 673 similium
505 625 609 684 studiosi,
616 633 639 672 et
649 623 696 672 mei
703 638 744 671 ne·

73 685 175 736 mii.
196 688 258 749 Qun
271 689 331 738 mihi
341 689 432 738 venient
448 690 473 736 in
489 697 671 752 mentemque
681 687 711 736 ad
721 695 744 734 te

75 751 190 826 pertinere
200 754 335 811 arbitrabor,
347 769 374 802 es
383 754 437 802 mei
447 762 527 816 sponte
537 753 628 800 faciam.
652 752 678 800 Si
688 751 746 815 quid

74 817 196 878 ignorabo,
203 817 232 865 de
242 833 270 865 eo
280 818 419 876 admonitus,
430 817 536 866 omnium
547 816 623 864 studia
632 815 730 863 vinnam.

111 878 164 954 Ego
177 881 220 928 etsi
230 897 306 929 noram
317 881 378 930 dete
388 897 443 930 eum
454 880 564 929 Furfanio
574 880 608 927 ita
616 880 707 942 loquar,
718 885 746 926 ut

75 942 121 991 tibi
130 943 202 992 literis
212 946 270 993 meis
280 946 310 995 ad
320 961 373 994 eum
383 946 443 994 nihil
455 961 514 1009 opus
524 945 568 1001 sit3
585 952 671 1003 tamn,
686 957 746 1007 quo·

75 1006 142 1055 niem
152 1008 200 1056 tuis
206 1006 304 1072 'plausit
311 1018 335 1057 te
344 1010 427 1058 habere
435 1025 498 1057 meas
505 1009 591 1067 literas,
598 1023 657 1072 quas
665 1006 686 1055 ei
693 1005 745 1053 red·

75 1071 152 1132 dares,
162 1087 250 1121 morem
261 1073 297 1122 hia
307 1074 372 1137 gessi.
388 1071 745 1136 Earumliterarumeasnplum

74 1134 310 1202 miraeanipnsmest.
327 1137 395 1187 Vale.
654 1176 656 1181 .

109 1325 165 1392 (a.)
185 1325 298 1379 anno.
314 1329 346 1378 r.
362 1310 553 1444 apparato,
569 1328 712 1380 raocos.

109 1520 305 1584 (Argumentum.
313 1550 347 1562 —
353 1524 432 1583 Brevi,
441 1524 482 1573 sed
491 1522 591 1588 perfeeto
598 1520 747 1571 commenda·

75 1583 146 1634 tionis
156 1588 271 1652 exemplo,
284 1588 399 1637 Caeeinam
410 1589 521 1637 Furfanio
531 1586 694 1646 commendat)

109 1711 174 1765 Cum
183 1713 217 1763 Α.
228 1714 320 1765 Canini
330 1725 394 1765 tanta
404 1717 462 1766 milri
472 1716 615 1765 familiaritas
625 1722 745 1764 onumen-

74 1776 154 1843 doque
163 1794 254 1843 semper
263 1781 317 1840 fnit,
328 1791 356 1829 ut
366 1783 431 1830 nulla
440 1783 515 1843 major
525 1797 573 1829 esse
582 1780 661 1844 possit.
679 1780 744 1828 Nam

76 1850 102 1890 et
110 1853 177 1907 patre
186 1846 246 1905 ejus,
261 1845 322 1894 claro
331 1846 425 1894 homine
441 1855 464 1894 et
477 1846 531 1893 forti
542 1845 599 1903 viro,
616 1844 744 1908 plurimum

77 1907 115 1956 usi
125 1923 221 1964 summe
239 1917 262 1956 et
271 1909 334 1957 hune
344 1926 358 1957 a
368 1926 439 1973 puero
446 1910 519 1974 (quod
529 1919 552 1957 et
562 1925 626 1972 spem
635 1923 745 1972 magnam

76 1971 138 2019 mihi
154 1971 263 2020 afferebat
280 1988 378 2021 summae
396 1973 523 2037 probitatis,
541 1988 684 2037 summaque
698 1973 746 2021 elo-

77 2036 188 2148 pplpptiae,
199 2045 223 2084 et
232 2036 323 2085 vivebat
334 2053 427 2086 mecum
444 2037 635 2098 oonjunctissime,
651 2052 698 2085 non
708 2052 746 2085 so-

140 2099 219 2149 offioiis
229 2101 344 2160 amicitia,
355 2101 395 2150 sed
405 2102 475 2150 etiam
482 2101 564 2149 studiis
571 2102 744 2163 communibus)

78 2163 112 2212 sic
122 2180 212 2228 semper
221 2164 302 2224 dilexi,
313 2175 340 2213 nt
350 2181 397 2214 non
408 2167 457 2215 ullo
467 2181 522 2214 cum
534 2166 627 2214 homine
637 2167 746 2226 oonjunc·

75 2227 126 2276 ‘tius
131 2228 239 2277 riverern.
257 2229 325 2276 Nihil
335 2230 415 2278 attinet
425 2246 464 2277 me
470 2230 539 2294 plura
546 2229 649 2278 seribere.
666 2229 746 2288 Quam

79 2291 139 2340 mini
149 2307 239 2341 nwesse
249 2292 287 2352 sit,
305 2295 355 2355 ejus
369 2295 466 2342 salutem
484 2300 507 2342 et
520 2293 632 2352 fortunas,
651 2295 747 2357 quibus-

79 2370 180 2421 clamque
196 2359 265 2404 rebus
279 2359 375 2432 possim,
392 2359 460 2418 tueri,
471 2358 541 2406 vides.
565 2359 693 2421 Reliquum
705 2366 747 2418 est,

80 2427 116 2478 ut,
127 2435 182 2468 cum
193 2424 311 2484 cumdum
320 2423 426 2485 pluribus
440 2424 517 2481 rebus,
529 2422 586 2486 quid
597 2431 623 2469 tn
634 2430 657 2468 et
667 2421 697 2467 de
706 2423 748 2468 bo·

80 2497 165 2532 nomm
175 2484 277 2543 fortuni,
294 2486 356 2534 etde
369 2487 500 2550 reipublicn
510 2485 686 2543 oalamitatibus,
696 2499 749 2531 serr·

81 2547 145 2609 tinea,
155 2548 215 2597 nihil
224 2565 240 2596 a
250 2557 272 2597 te
282 2559 368 2613 petam,
379 2551 432 2610 nisi,
445 2560 472 2599 ut
485 2550 515 2599 ad
529 2565 581 2597 eam
595 2549 747 2607 voluntatem,

82 2626 155 2676 qaam
165 2612 207 2662 tul
217 2621 298 2676 sponte
307 2629 361 2678 erga
371 2614 488 2666 Casinam
498 2613 623 2664 habitum
629 2619 757 2672 Quu-
