1650 2948
217 144 268 194 AD
284 144 462 196 Dlvnnsos.
480 147 540 195 bru
553 147 574 195 1.
590 151 614 197 o.
719 150 750 196 23

80 275 133 322 dem
143 273 227 322 solnm
237 275 369 338 opinionem
381 285 528 339 occeperunte
563 290 617 323 uem
630 283 682 339 port
699 277 750 324 red.

78 339 137 386 ittun
144 339 251 386 dictitant
258 339 443 387 fructoanimoet
450 341 548 388 desnisso
580 340 630 387 isse.
647 340 691 387 Est
700 356 751 388 uero

78 403 234 467 probandum,
241 405 283 467 qui
290 412 313 451 et
320 405 414 451 summi
422 405 539 452 voluntate
546 404 644 462 oemenit,
653 413 677 452 et
687 420 750 468 egre-

78 468 117 531 gii
126 467 325 516 annnialocritote
334 468 442 526 abfuerit,
450 483 525 544 neque
534 484 590 517 sone
599 470 673 516 redire
683 470 750 516 euri-

78 532 117 590 rit,
127 547 183 580 eum
193 532 337 596 ob'ulipsnm
349 532 448 580 fractum
458 533 569 592 fursse,in
579 548 627 597 quo
637 549 690 581 cum
699 548 750 581 om·

78 611 119 644 nes
136 595 251 655 homines,
268 606 320 644 tum
336 597 373 643 M.
388 597 456 644 illum
470 598 591 655 Securum,
608 597 747 662 singrrlorem

78 661 165 720 virum,
176 661 304 709 constantiis
315 669 338 709 et
347 661 459 724 mevinec
469 663 620 725 superisset?

110 725 166 783 Sed,
173 724 237 789 quod
245 725 274 773 de
280 725 320 773 illo
327 734 467 789 eooepernut,
477 735 517 773 eut
525 727 594 773 etiem
602 727 748 790 mspioebnn-

78 798 125 850 mr,
142 789 173 837 de
190 804 231 837 me
247 788 309 837 idem
323 790 463 854 mgitebent,
480 790 601 852 abjectiore
616 792 694 838 animo
710 805 749 838 me

75 854 194 914 funerum,
208 868 263 902 cum
277 854 407 918 respublica
421 855 533 916 maiorem
547 854 617 902 etiam
629 854 687 900 mihi
700 855 750 901 ani-

79 933 154 977 mum,
166 933 239 982 quern
249 933 354 982 unquam
364 919 505 978 habuissem,
515 919 596 975 durett
613 933 666 981 quoe
675 917 750 965 deols-

78 981 156 1041 rimet,
167 996 249 1030 senon
264 983 365 1046 potuisse
377 998 416 1031 me
427 998 476 1031 uno
487 983 531 1031 civi
542 997 632 1039 caract
649 997 749 1045 eumque

79 1047 205 1095 Metellum
215 1047 285 1095 unius
295 1048 383 1096 tribuni
396 1048 470 1110 plebis
484 1048 579 1111 rogatio,
594 1062 634 1095 me
644 1047 750 1094 universo

78 1111 215 1175 respublica,
235 1111 294 1160 duce
309 1121 399 1171 senatu,
416 1112 538 1160 eomitante
552 1112 630 1171 Itolib,
645 1112 750 1175 promul·

79 1176 187 1239 gentibus
197 1177 315 1235 omnibus,
326 1177 436 1224 referente
450 1177 550 1237 consule,
561 1176 658 1225 comitiis
669 1184 749 1224 senm-

79 1239 150 1298 nstis,
162 1240 251 1288 crunctis
261 1241 388 1299 ordinibus,
402 1241 542 1302 bominibus,
553 1241 748 1297 incumbentibus,

78 1305 187 1352 ommbus
204 1304 305 1368 denique
319 1305 368 1353 suis
382 1305 469 1353 vinbus
483 1304 641 1370 reeuperdsset
666 1305 750 1367 Neque

78 1384 131 1416 vero
138 1384 182 1432 ego
191 1369 251 1416 mihi
260 1378 339 1432 posteo
346 1369 474 1433 quidquem
481 1370 587 1429 wmrnsi,
596 1384 672 1433 neque
681 1368 750 1416 bodio

78 1448 179 1493 assumo,
197 1432 262 1497 qued
279 1448 421 1497 quenquam
439 1434 682 1482 malevolentissimum
696 1435 750 1495 Jure

77 1497 150 1560 possit
165 1497 289 1545 offendere.
308 1497 414 1546 Tantum
431 1499 512 1556 enitor,
529 1506 557 1544 ut
571 1505 646 1562 neque
661 1497 749 1554 amieis,

78 1575 153 1636 neque
163 1561 234 1611 etiam
244 1561 399 1623 sbarioribns,
409 1564 488 1626 opert,
499 1561 602 1622 oonsilio,
613 1563 698 1621 labore,
710 1562 750 1608 de-

76 1641 129 1674 erm.

109 1690 159 1739 Hie
172 1705 232 1739 men
248 1690 303 1738 vite
320 1705 399 1739 cursus
416 1691 511 1740 offendit
530 1705 569 1738 eos
586 1689 689 1749 fortasse,
707 1691 749 1753 qui

78 1754 223 1818 splendorem
234 1763 257 1803 et
267 1755 366 1818 speciem
377 1755 448 1818 bujus
459 1756 512 1804 vite
525 1755 653 1814 intuentur,
665 1755 749 1801 solliei-

77 1820 183 1866 tudinem
197 1829 276 1867 eutem
290 1827 314 1867 et
327 1820 429 1868 laborem
442 1821 568 1884 perspicere
581 1834 627 1867 non
643 1828 747 1882 possum.

77 1883 142 1931 Illud
151 1898 206 1932 vero
215 1898 262 1931 non
269 1885 365 1932 obscure
372 1894 508 1947 queruntur,
520 1885 544 1931 in
554 1885 613 1932 mdo
623 1883 748 1939 sententiis,

76 1948 162 2012 quinus
172 1962 254 1994 ornem
272 1948 397 2007 Cursarem,
410 1949 477 2012 quasi
487 1949 610 1997 descissem
625 1965 639 1996 a
652 1948 748 2011 pristini

75 2010 150 2060 ωιιειὶ.
166 2011 220 2074 ligo
230 2021 309 2059 cutem
324 2027 378 2060 cum
391 2012 432 2060 ille
442 2028 533 2076 sequor,
550 2028 604 2075 quae
614 2014 684 2076 poulo
694 2020 748 2060 ente

75 2076 192 2140 proponti,
201 2085 252 2124 tum
261 2077 305 2124 boc
313 2091 359 2124 non
369 2076 395 2123 in
405 2077 534 2140 postremis,
541 2077 571 2125 de
581 2092 628 2140 quo
636 2091 748 2140 creperum

74 2155 195 2204 exponere.
212 2141 270 2189 Non
284 2141 385 2189 offendes
393 2141 502 2190 eumdem
514 2144 629 2190 bonorum
644 2155 746 2195 sennim,

75 2204 185 2265 Ismtnle,
196 2221 269 2269 quen
280 2205 408 2269 reliqu'utie
419 2206 462 2270 qui
470 2205 617 2254 confirmatus
627 2205 747 2253 consulatu

75 2279 161 2329 nostro,
169 2284 338 2333 nonnunquam
346 2271 581 2335 posteointerruptus,
589 2270 687 2318 efflimus
695 2277 749 2317 ante

75 2341 99 2382 te
109 2334 236 2393 oonsrdem,
247 2343 362 2382 remeatus
372 2337 413 2383 obs
424 2343 448 2382 te
455 2343 517 2383 totus
527 2345 570 2395 est,
577 2350 639 2383 nunc
650 2337 679 2382 sb
690 2334 748 2388 iis,a

75 2398 162 2461 quibus
172 2398 272 2446 tuendus
283 2399 367 2457 fuerat,
380 2399 514 2448 derelictus:
532 2401 641 2475 idemque
655 2413 700 2446 non
712 2413 749 2443 so·

75 2463 128 2511 lum
138 2462 216 2510 fronte
230 2479 245 2510 a
271 2480 301 2511 ue
317 2465 394 2523 vultu,
405 2464 491 2528 quibus
505 2464 624 2512 simulntro
638 2461 747 2510 facillime

75 2525 212 2587 metimur,
328 2527 374 2587 tii,
385 2529 488 2592 quitum
499 2539 576 2578 nostro
584 2529 696 2575 illostetu
708 2538 751 2584 op·

73 2591 360 2653 tinetanominabantur,
369 2588 756 2669 sedennmlsententiblsupeiem

73 2655 206 2718 tebelllqoe
212 2655 347 2710 &mount
364 2658 575 2730 Itaquetme'rem
583 2652 775 2726 supernumer-
