1650 2948
99 199 147 246 300
223 199 274 248 AD
290 197 469 248 nlvssnsos,
487 197 548 244 lna.
559 196 595 247 X.
616 199 655 246 18.

99 328 191 375 fortuna
201 328 304 387 servarit,
315 327 398 391 recipio
406 327 479 386 vobis,
488 325 592 374 celeriter
602 343 643 376 me
657 327 771 392 negotium

100 408 129 439 ex
138 393 250 440 sententiis
260 392 424 440 confecturum.

133 457 237 504 Fratrem
252 472 340 517 meum,
354 456 450 503 assiduis
464 455 584 503 laboribus
599 456 773 505 concursationi-

102 523 192 584 busque
208 522 345 578 consenum,
362 521 460 583 maritet
476 536 500 567 se
516 521 636 581 habuisse,
653 532 724 570 antea
736 520 774 569 nbi

102 585 196 648 scripsi:
215 586 254 633 sed
264 595 350 645 tamen,
362 600 416 632 cum
429 585 532 648 primum
549 599 618 647 posse
632 586 724 649 ingredi
735 600 774 633 ee-

104 649 148 712 pit,
160 664 206 697 non
217 651 291 713 magis
304 650 347 697 sibi
360 664 432 712 quam
448 648 582 711 reipublicae
596 665 621 697 se
636 649 773 699 concanae

105 713 248 773 existimans,
261 714 291 762 ad
305 714 383 763 omnia
396 713 496 776 pericula
506 712 615 777 princeps
626 730 677 763 esse
687 728 734 762 uun
742 729 774 762 re·

104 779 198 826 cusavit.
221 779 266 827 Sed
282 794 324 854 ego
337 794 390 826 eum
401 793 447 824 non
459 778 535 825 solum
546 776 656 826 hortanus
741 792 774 827 ve·

104 857 158 889 rum
165 843 234 891 etiam
242 844 366 906 coie'g1,isbo
375 841 501 906 proficiscia
519 841 585 907 quod
596 851 629 902 et,
639 842 685 891 illa
766 870 775 882 ·

105 906 168 965 dine,
181 909 255 970 magis
269 908 378 956 conficere
393 923 416 954 se
430 921 501 970 quam
516 921 555 952 me
570 907 654 967 juvare
670 906 774 972 ponetis

106 972 201 1028 castris;
219 981 242 1019 et
252 972 314 1035 quod
325 971 469 1019 acerbissimo
479 970 573 1017 interitu
585 973 712 1020 consulum
721 986 774 1020 rm·

105 1036 223 1097 publicam
234 1036 354 1094 nudatam,
370 1035 410 1083 tali
421 1036 470 1083 cive
480 1042 577 1098 pretore
588 1035 614 1082 in
625 1036 722 1085 urbanis
731 1034 775 1084 oill-

107 1098 147 1145 ciis
158 1099 258 1161 indigere
270 1099 438 1146 existimabam.
455 1098 526 1159 Quod
537 1098 556 1146 si
567 1099 610 1174 qui
621 1104 724 1149 vestrllm
734 1112 774 1147 nun
814 1104 817 1113 ’

106 1163 220 1224 probabit,
232 1162 290 1208 mihi
301 1163 448 1226 prudentiam
461 1164 485 1210 in
500 1162 597 1211 consilio
607 1163 709 1214 defuisse
717 1163 774 1221 edet,

107 1241 153 1272 non
165 1226 199 1272 illi
210 1241 264 1288 erga
274 1228 372 1290 patriam
383 1228 524 1275 fidelitatem.
565 1223 569 1231 ’

139 1290 243 1354 Lepidus
259 1299 346 1352 tamem
365 1292 428 1355 quod
444 1307 486 1355 ego
501 1290 671 1353 desiderabam,
682 1293 742 1353 fecit,
751 1300 775 1339 ut

107 1355 218 1418 Apellam
229 1355 260 1402 ad
276 1371 315 1404 mc
332 1356 441 1413 nutteret,
459 1370 506 1419 quo
523 1355 604 1404 obside
620 1357 669 1406 flue
686 1358 746 1406 illius
755 1363 775 1403 et

108 1420 220 1468 societatis
230 1419 255 1467 in
266 1436 290 1468 re
301 1421 395 1484 publicis
406 1419 587 1467 administrandi
600 1430 687 1470 uterer.
702 1419 774 1471 Studi-

108 1501 151 1532 um
162 1485 220 1532 mihi
230 1501 299 1533 suum
311 1486 341 1533 L.
349 1485 447 1542 Gellius,
456 1483 497 1545 [de
507 1484 581 1533 tubus
589 1485 702 1534 fratribus
712 1486 775 1535 Satn

110 1551 227 1615 Gaviano]
239 1551 359 1613 probavita
377 1565 423 1613 quo
434 1565 476 1612 ego
487 1549 611 1612 interprete
618 1550 740 1599 novissime
749 1547 775 1596 ad

110 1615 227 1679 Lepidum
247 1630 299 1662 sum
312 1630 375 1661 usus.
398 1613 511 1660 Amicum
535 1628 590 1660 eum
601 1613 775 1678 reipublicaeo·

110 1679 285 1741 gndssevideor:
297 1679 440 1739 libenterque
450 1677 472 1724 ei
480 1692 532 1724 sum
540 1678 690 1737 testimonio}
699 1688 722 1727 et
731 1692 775 1726 om·

111 1743 180 1789 nibus
195 1757 241 1800 ero,
256 1741 297 1805 qui
312 1743 371 1788 bene
388 1749 512 1788 merentur.
536 1742 585 1789 Fac
600 1743 684 1803 taleas,
699 1756 775 1806 meque

110 1815 193 1852 mutuo
204 1805 294 1867 diligas,
306 1804 488 1868 dignitatemque
498 1818 585 1864 meam,
596 1807 616 1854 si
626 1822 724 1865 mereor,
732 1815 776 1854 tue·

111 1869 166 1928 aris,
177 1869 235 1917 sicin
245 1869 321 1918 adhuc
328 1869 439 1932 singulari
450 1884 504 1919 cum
514 1871 676 1920 benevolentia
685 1871 761 1921 iecisti·

229 2061 298 2127 (ln.)
316 2063 474 2113 PLANCUS
492 2062 674 2115 CICERONI.

145 2197 340 2258 (Argumentum.
350 2200 487 2260 —Narrat,
509 2199 595 2262 quibus
611 2200 642 2248 de
659 2197 731 2249 causis
749 2194 775 2243 ad

113 2260 228 2325 Lepidum
237 2262 411 2326 proficiscatur.)

146 2390 211 2451 Quid
222 2389 246 2437 in
261 2391 340 2440 animo
355 2392 486 2451 habuerim,
498 2408 552 2440 cum
564 2390 651 2440 Iaavus
662 2392 775 2454 Nervaque

114 2455 264 2504 disoessemnt
278 2471 293 2502 a
306 2471 354 2516 me,
366 2465 389 2505 et
399 2473 429 2506 ex
438 2457 510 2505 literis
526 2471 584 2520 quas
600 2456 633 2504 eis
650 2457 711 2515 dedi,
722 2463 743 2503 et
751 2467 775 2503 ex

113 2520 178 2597 ipsis,
189 2535 324 2584 cognoscere
365 2521 437 2581 ruisti,
449 2522 491 2585 qui
507 2520 615 2569 omnibus
626 2524 696 2569 rebus
711 2517 775 2569 cenai-

110 2584 266 2703 lriqquemeis
275 2585 301 2635 in
362 2594 437 2635 erunt.
453 2583 617 2643 Acciditmihi,
627 2579 774 2649 quodhuuini

106 2668 142 2717 pu
165 2654 223 2715 enti,
242 2663 268 2703 et
278 2650 365 2718 cupide
376 2647 669 2706 sanstunununpsmm
675 2644 775 2705 masupia
