1650 2948
76 159 122 205 rao
193 153 242 201 nn
259 152 438 201 nrvnnsos.
456 153 517 199 mn.
529 148 591 200 vu.
608 153 633 197 a
658 183 661 188 .

178 282 234 348 (t.)
252 283 289 330 u.
302 283 332 330 r.
345 284 372 329 u.
390 281 428 328 m,
440 280 559 330 nrunro
571 282 595 330 s.
607 279 640 327 u.
660 306 666 313 .

108 415 305 478 (Argumentum.
314 439 346 447 -
353 412 485 458 l'raemonet
492 410 598 458 Marium
606 410 636 457 de
647 409 747 457 adventu

73 495 116 527 suo
126 481 151 525 in
163 478 338 540 Pompeianum.
354 476 445 523 Eodem
456 477 536 536 anno.)

107 606 173 654 Ante
186 607 248 654 diem
262 606 301 653 IX
317 605 430 653 Calendas
441 607 466 652 in
484 605 619 652 Cumanum
629 604 684 651 veni
694 617 747 650 cum

74 671 165 719 Libone
176 680 225 730 tuo,
236 671 273 718 vel
286 679 363 717 nostro
374 671 458 734 potius.
476 670 506 716 In
520 669 692 732 Pompeianum
702 676 749 714 ata-
814 667 816 673 '

39 783 41 787 ,
73 736 117 783 tim
128 736 217 798 cogito:
235 735 275 784 sed
291 735 374 782 faciam
389 743 442 782 ante
456 743 480 781 te
492 733 618 781 certiorem.
641 733 683 783 Te
693 746 747 790 eum

75 815 166 864 temper
185 801 261 848 valere
282 800 358 863 cupio,
377 809 428 846 tum
442 807 509 856 certe,
524 798 581 844 dum
603 798 643 844 hic
660 811 748 844 sumus.

74 865 147 913 Vides
162 865 234 925 enim,
247 873 334 929 quanto
348 873 399 927 post
411 865 460 911 und
469 863 542 910 futuri
555 862 634 908 simus.
659 861 747 920 Quare,

75 929 95 976 si
106 929 169 993 quod
186 931 337 977 constitutum
353 944 407 975 cum
418 927 520 991 podagra
530 927 610 985 habes,
627 925 664 972 fac
681 934 708 972 ut
723 924 747 971 in

74 993 147 1040 alium
158 993 220 1041 diem
232 994 329 1040 differas.
356 993 419 1040 Cura
432 993 512 1054 igitur,
523 999 551 1038 ut
565 991 657 1039 valeas:
675 998 699 1038 et
710 1004 748 1036 me

73 1057 118 1105 hoo
125 1058 197 1104 biduo
208 1066 249 1105 aut
260 1057 337 1104 triduo
348 1065 462 1120 exspecta.

82 1273 86 1277 -
121 1246 173 1314 (5.)
191 1247 319 1297 cronno
337 1247 481 1307 erasum,
500 1214 662 1298 means.
674 1249 707 1296 o.
725 1277 727 1281 ψ

80 1393 84 1398 ’
108 1376 384 1438 (Argumentum—C.
397 1377 535 1425 Trebatium
553 1377 658 1438 Testam,
677 1378 748 1440 juria-

76 1443 217 1501 consultum,
237 1442 375 1489 familiarem
397 1458 474 1501 suum,
498 1442 592 1502 Caesari,
616 1443 748 1491 Galliarum

74 1506 214 1570 proconsuli,
225 1506 400 1571 diligentissime
410 1505 575 1568 commendat.)
746 1510 749 1515 “

106 1636 177 1697 Vide,
185 1652 256 1700 quam
263 1636 321 1683 mihi
328 1636 488 1699 persuaserim,
500 1643 522 1683 te
534 1651 581 1684 esse
589 1637 690 1685 alterum
697 1652 745 1696 me,

76 1715 123 1747 nou
134 1701 203 1748 modo
217 1701 242 1747 in
258 1701 295 1747 his
305 1703 373 1747 rebus
385 1716 437 1762 quae
448 1701 478 1746 ad
488 1700 621 1764 meipsum,
631 1702 749 1749 sedetiam

75 1765 101 1810 in
112 1765 140 1812 iis
148 1782 201 1828 quae
212 1765 242 1811 ad
250 1779 321 1822 meos,
333 1764 454 1826 pertinent.
472 1765 499 1812 C.
513 1765 652 1812 Trebatium
663 1766 750 1830 cogiti-

76 1843 137 1888 ram,
153 1843 300 1891 quocumque
318 1828 414 1885 exirem,
431 1844 524 1876 mecum
537 1829 629 1887 ducere,
644 1839 672 1876 ut
685 1847 748 1890 euru,

73 1891 133 1939 meis
140 1889 248 1940 omnibus
256 1891 345 1950 studiis,
354 1893 477 1952 beneficiis,
487 1909 558 1956 quam
566 1894 748 1952 ornatissimum,

75 1956 173 2003 domum
192 1956 331 2004 reducerem.
359 1956 413 2016 Sed,
434 1964 583 2022 posteaquam
599 1967 622 2006 et
641 1959 748 2022 Pompeii

75 2021 224 2068 commoratio
232 2021 362 2068 diuturnior
372 2030 428 2080 erat,
438 2037 509 2085 quam
520 2023 643 2085 putluame
662 2032 685 2071 et
695 2038 749 2071 mea

75 2085 183 2196 pppdam
199 2085 241 2133 tibi
251 2100 298 2148 uon
309 2087 387 2149 ignota
398 2087 511 2134 dubitatio
521 2095 562 2135 aut
572 2087 685 2150 impedire
695 2103 749 2151 pro-

122 2149 197 2196 'onem
208 2165 284 2198 meam
300 2151 428 2210 ridebatur,
440 2159 481 2198 aut
492 2160 551 2199 oerte
564 2152 670 2208 tardare3
687 2153 748 2211 vide,

74 2212 132 2276 quid
142 2213 201 2261 mihi
212 2215 341 2262 sumserim.
359 2216 424 2285 Coepi
439 2216 506 2274 velle,
518 2231 545 2263 ea
556 2216 696 2263 Trebatium
706 2232 748 2265 ex·
774 2253 776 2259 .

77 2285 178 2340 spectare
189 2294 203 2325 a
214 2287 245 2338 te,
261 2295 314 2342 quae
331 2279 442 2342 sperisset
453 2296 521 2328 ame
548 2281 633 2343 Neque
645 2280 749 2344 (meher-

77 2340 140 2403 cule)
162 2342 240 2389 minus
256 2343 277 2389 ei
298 2344 387 2406 prolixe
401 2345 430 2392 de
447 2346 488 2392 tud
507 2345 625 2392 voluntate
644 2345 748 2409 promisi,

78 2421 150 2471 quam
161 2421 223 2454 eram
234 2408 315 2454 solitus
326 2408 355 2454 de
365 2409 418 2456 med
428 2409 537 2472 polliceri.

109 2471 183 2519 Casus
197 2486 250 2519 vero
263 2472 373 2521 mirificus
388 2474 483 2537 quidam
494 2474 624 2532 intervenit,
634 2474 702 2538 quasi
713 2473 750 2522 vel

76 2537 141 2584 tertis
157 2536 271 2600 opinionis
285 2552 352 2597 mere,
363 2539 401 2586 rel
415 2552 510 2601 sponsor
526 2538 677 2586 humanitatis
696 2547 751 2586 ture.

65 2599 145 2663 Nam,
154 2618 222 2665 eum,
234 2601 264 2653 de
274 2602 319 2652 hoe
329 2602 381 2668 ipao
390 2601 510 2662 Trebatio,
521 2618 575 2652 eum
585 2603 663 2653 Balbo
672 2611 751 2651 nostro

54 2663 172 2730 loquerer
185 2671 322 2723 aemratiur
339 2667 407 2720 domi
415 2667 567 2729 meabilem
573 2667 636 2716 ullu
645 2666 729 2714 lautu
738 2682 753 2713 a
