1650 2948
198 154 248 202 AD
263 153 442 204 Divusssos.
460 156 521 203 lon.
533 155 564 202 V.
585 156 622 202 16.
699 157 742 210 137

106 283 179 342 Quod
190 284 210 330 si
221 292 288 331 tuum
300 293 321 331 te
332 285 469 332 desiderium
481 294 566 342 movet,
575 293 616 330 out
624 285 643 330 si
652 294 744 331 tuarum

74 365 153 395 rerum
168 349 304 411 cogitatione
320 365 413 403 moeres;
432 365 477 396 non
494 350 560 395 facile
576 349 692 395 exhauriri
704 350 746 396 tibi

73 413 146 460 istum
161 413 263 460 dolorem
274 428 339 474 posse
349 413 481 461 universum
491 423 555 477 puto.
574 413 615 460 Sin
626 413 667 459 illa
677 422 699 459 te
710 429 745 461 res

73 477 169 537 cruciat,
182 493 235 540 quae
242 477 316 540 magis
322 477 406 525 amoris
416 488 459 537 est,
470 486 497 525 ut
507 492 595 537 eorum,
608 477 649 540 qui
659 476 747 525 occide-

73 549 139 600 runt,
150 541 254 588 miserias
265 541 359 604 lugeas,
376 550 403 588 ut
413 557 440 589 ea
449 557 496 589 non
506 541 590 602 dicam,
603 558 656 605 quae
668 542 746 605 sarpis-

74 605 133 653 sime
143 612 167 652 et
177 605 224 668 legi
232 614 254 652 et
261 605 347 664 audivi,
355 605 414 652 nihil
422 606 478 653 mali
489 622 536 653 esse
543 607 567 653 in
576 615 658 665 morte,
667 606 692 652 in
698 606 747 671 qui

74 669 93 716 si
111 669 211 717 resideat
232 684 321 729 sensus,
340 670 499 717 immortalitas
512 671 552 717 illa
566 671 651 733 potius,
674 687 744 734 qnam

74 749 137 781 mors
153 733 259 781 ducenda
270 734 314 790 sit;
332 734 367 781 sin
378 734 407 782 sit
417 735 523 791 amissus,
534 735 599 781 nulla
615 734 686 782 videri
700 736 745 782 mi-

74 799 134 844 seria
144 797 235 855 debeat,
246 814 300 861 quae
309 813 356 846 non
367 799 490 854 sentiarum
502 799 546 844 hoc
556 806 633 845 tomen
644 813 690 845 nou
702 800 745 846 dn-

74 862 151 909 bitans
161 863 297 909 confirmare
307 879 408 925 possum,
421 879 447 909 ca
455 861 553 920 misceri,
565 862 647 924 parari,
656 862 746 925 impen-

73 926 129 974 dere
139 927 279 989 reipublice,
291 943 344 990 quae
354 928 395 990 qui
405 926 531 991 reliquerit,
539 927 605 974 nullo
613 926 682 973 modo
688 927 746 974 mihi

74 991 172 1054 quidem
188 991 296 1054 deeeptus
306 1007 354 1039 esse
364 992 474 1039 videatur.
499 990 565 1048 Quid
580 1002 614 1038 est
624 990 685 1037 euim
694 991 746 1051 jam

73 1070 122 1103 non
135 1055 206 1102 modo
221 1055 313 1118 pudori,
330 1056 447 1118 probitati,
465 1054 637 1116 virtum-rectis
655 1054 744 1114 studiis,

72 1120 140 1168 bonis
151 1119 247 1176 artibus,
265 1119 304 1166 sed
320 1120 413 1167 omnino
430 1120 530 1167 libertati
545 1135 572 1167 ac
588 1118 665 1179 saluti,
681 1119 744 1169 loci?

74 1186 131 1232 Non
139 1184 290 1243 (mehercule)
299 1199 440 1248 quemquam
450 1184 536 1243 audivi,
548 1185 591 1232 hoc
601 1183 744 1246 gravissuuo,

73 1248 262 1313 pestilentissimo
279 1263 350 1309 anno,
371 1249 566 1297 adolescentulum
584 1257 625 1296 aut
645 1264 744 1311 puerum

72 1321 203 1373 mortuum,
214 1311 255 1376 qui
266 1312 378 1360 milrinon
388 1329 402 1360 a
413 1312 466 1361 Diis
475 1312 644 1360 immortalibus
654 1321 746 1376 ereptus

72 1393 102 1427 eor
112 1378 151 1425 bis
161 1376 268 1436 miseriis,
278 1385 348 1441 atque
354 1392 383 1425 ex
391 1376 534 1440 iniquissimi
543 1376 672 1425 conditione
682 1378 744 1436 vitae,

72 1442 196 1492 videretur.

104 1506 195 1567 Quare,
212 1505 285 1553 sitibi
296 1520 370 1553 unum
381 1505 425 1554 hoc
440 1504 529 1553 detrahi
544 1512 627 1568 potest,
645 1519 675 1551 ne
687 1506 745 1567 quid

71 1571 109 1630 iis,
121 1585 181 1634 quos
192 1569 284 1629 amisti,
300 1570 356 1617 mali
366 1579 434 1634 putes
448 1569 584 1631 contigisser
600 1569 744 1631 permultum

72 1636 118 1684 erit
126 1649 157 1682 ex
169 1649 266 1681 moerore
283 1644 323 1682 tuo
337 1634 491 1682 deminutum.
517 1633 672 1695 Relinquetur
683 1635 744 1682 enim

72 1699 173 1762 simplex
184 1698 225 1745 illa
237 1699 287 1758 jam
298 1713 352 1746 cura
362 1698 446 1747 doloris
457 1699 500 1757 tui,
512 1714 565 1762 quae
575 1711 622 1745 non
634 1713 686 1745 cum
698 1699 744 1748 illis

71 1762 290 1823 communicabitur,
305 1762 346 1815 sed
356 1763 386 1811 ad
397 1763 507 1827 teipsum
518 1762 609 1826 proprie
619 1762 743 1812 refereturr

70 1829 96 1876 in
108 1826 157 1892 qui
168 1841 214 1874 non
225 1835 259 1874 est
267 1828 317 1887 jam
328 1827 444 1888 gravitatis
451 1843 477 1874 ac
485 1827 602 1890 sapientiae
610 1835 665 1887 tuae,
672 1844 744 1891 qutun

71 1903 99 1941 tu
111 1907 208 1955 spuere
218 1891 352 1955 praestitisti,
364 1891 422 1938 ferre
432 1891 604 1939 immoderatius
615 1908 693 1940 casum
707 1894 744 1941 in·

70 1955 247 2006 commodorum
258 1964 360 2013 tuorum,
368 1955 409 2018 qui
420 1955 449 2003 sit
459 1959 488 2003 ab
497 1971 584 2017 eorum,
592 1954 650 2019 quos'
658 1957 745 2006 dilexe-

69 2023 112 2082 ris,
123 2020 215 2068 miserit
223 2020 331 2082 maloque
342 2020 466 2081 sejunctus
482 2019 578 2067 Etenim
588 2036 642 2068 eum
653 2036 744 2085 semper

69 2094 103 2145 te,
114 2094 137 2132 et
147 2084 242 2147 privatis
253 2084 277 2131 in
285 2086 361 2143 rebus,
374 2092 396 2131 et
406 2083 505 2147 publicis
514 2084 646 2149 prestitisti,
657 2087 744 2135 tuenda

70 2149 115 2198 tibi
123 2158 150 2197 ut
155 2149 185 2199 sit
194 2149 302 2212 gravitas,
314 2158 337 2196 et
347 2149 480 2196 constantiae
490 2148 641 2197 serviendum.
669 2151 743 2211 Nam,

68 2213 135 2278 quod
145 2213 244 2260 allatura
253 2221 287 2261 est
293 2213 343 2276 ipsa
353 2213 500 2272 diuturnitas,
511 2229 563 2276 quae
571 2214 685 2263 maximos
694 2216 745 2263 lue-

70 2288 110 2327 tus
118 2286 231 2326 vetustate
241 2277 309 2336 tollit,
320 2277 345 2325 id
356 2292 397 2325 nos
407 2278 529 2352 praecipere
539 2278 632 2326 oonsilio
642 2279 744 2341 pruden.

69 2343 152 2407 titique
158 2341 278 2389 debemus.
288 2341 393 2400 Etenim,
400 2358 420 2389 st
429 2343 495 2391 nulla
505 2357 608 2406 unquam
620 2342 673 2402 fuit,
684 2343 742 2393 libe-

69 2407 103 2455 ris
116 2405 215 2464 amissis,
232 2413 281 2453 tam
296 2406 411 2454 imbecillo
427 2406 511 2455 mulier
527 2407 613 2467 animo,
629 2423 682 2469 quae
696 2422 743 2454 non

70 2469 197 2536 aliquando
208 2469 304 2534 lugendi
319 2471 416 2518 modum
430 2471 525 2528 fecerit3
542 2481 601 2519 certe
617 2486 668 2528 nos,
680 2471 743 2532 quod

68 2544 106 2585 est
115 2535 165 2584 dies
173 2534 279 2592 allatura,
286 2535 311 2583 id
317 2536 409 2583 consilio
415 2535 526 2584 anteferre
536 2536 654 2592 debemus,
666 2547 745 2595 neque

69 2607 202 2663 exspectare
212 2599 321 2662 temporis
335 2599 483 2662 medicinam,
494 2615 568 2666 quam
582 2605 747 2663 representare

69 2665 159 2713 ratione
163 2661 286 2726 passinus.

360 2732 363 2737 ’
546 2732 597 2782 rsit
