1650 2948
181 111 232 160 nn
248 92 426 162 munusue.
445 114 504 160 nm.
523 113 597 160 vm.
611 115 653 178 1ι4.
705 116 753 162 mo

84 241 193 301 injuriam
205 243 247 289 sibi
258 252 325 304 putot
340 252 452 305 creptum,
469 245 535 303 cujus
549 258 591 304 ego
611 251 689 289 auctor
703 243 753 288 fue·

81 307 126 352 rim
161 308 231 354 Nunc
243 307 306 365 furit,
324 317 370 353 tam
383 309 472 365 gavisos
487 308 590 353 homines
608 323 674 354 suum
689 308 752 352 dolo-

83 386 141 428 rem,
154 386 273 434 unumque
285 388 322 418 me
337 373 493 418 studiosiorem
505 372 618 426 Antonii3
641 387 694 417 nam
707 372 751 418 Cn.

80 436 233 484 Saturninum
250 436 414 484 adolescentem
431 437 479 500 ipse
493 437 537 484 Cn.
551 435 669 483 Domitius
684 451 750 483 reum

80 499 143 559 fecit,
157 515 293 564 estnequam
304 500 443 565 superiores
453 501 500 548 vict
514 500 670 556 invidiosumt
687 499 750 564 quod

76 564 192 626 judicium
207 579 269 613 nunc
287 565 312 612 in
330 565 497 628 exspectatione
509 573 551 625 est,
562 565 632 613 etiam
647 564 672 611 in
689 563 751 613 bond

79 643 128 692 spe,
139 637 192 692 post
199 630 252 678 Sex.
264 629 371 677 Peducaei
381 628 560 683 absolutionem„

111 693 151 742 De
161 693 253 741 summi
263 709 288 741 re
298 692 390 758 publici
399 709 458 756 saepe
468 693 511 741 tibi
522 693 609 756 scripsi,
616 708 655 741 me
661 707 749 740 annum

78 773 160 822 pccem
178 773 225 806 non
238 757 327 807 videre:
352 767 383 817 et,
402 773 449 821 quo
467 757 562 821 propius
580 773 607 805 ea
625 757 748 816 contentio,

78 837 150 885 quem
160 822 210 869 fieri
221 837 310 870 necesse
321 830 362 881 est,
374 822 468 879 accedit,
485 838 512 870 eo
526 821 609 871 clarius
625 820 650 868 id
660 821 750 884 pericu-

78 887 129 933 lum
139 895 242 950 apparet.
265 886 412 950 Propositum
427 887 471 934 hoc
484 895 526 946 est,
538 885 567 933 de
584 901 641 948 quo,
656 886 697 948 qui
713 901 750 933 re·

77 965 131 998 mm
141 951 269 1014 potiuntur,
281 960 335 998 sunt
343 951 486 998 dimicaturi:
504 949 567 1014 quod
578 949 622 998 Cn.
639 950 697 997 Pom
730 950 749 990 '·
768 992 771 998 ,

76 1030 105 1062 us
122 1015 241 1064 constituit
259 1030 306 1062 non
320 1015 369 1079 pati
382 1015 409 1062 C.
423 1014 537 1063 Caessrem
553 1014 669 1062 consulem
707 1015 749 1062 'ter

73 1077 135 1137 fieri,
146 1078 191 1126 nisi
202 1079 327 1126 exercitum
341 1088 364 1128 et
376 1079 502 1143 pmvincias
512 1078 646 1135 tradiderim
662 1078 749 1127 Caesari

77 1150 155 1191 numm
166 1157 302 1206 persuasum
317 1152 359 1200 est,
371 1159 395 1191 se
410 1144 499 1193 salvum
515 1159 562 1192 esse
577 1157 624 1190 non
638 1158 711 1205 posse,
728 1143 748 1198 si

76 1209 107 1255 ab
118 1207 219 1254 exercitu
227 1208 358 1263 recesserim
376 1208 419 1254 fert
426 1207 491 1254 illam
499 1217 576 1254 tamen
584 1207 746 1266 conditionem,

77 1280 105 1318 ut
121 1274 189 1318 ambo
202 1271 313 1319 exercitus
326 1271 424 1318 madent.
445 1271 483 1319 Sic
495 1271 530 1318 illi
542 1287 630 1320 amores
648 1280 671 1318 et
687 1272 748 1319 invi-

77 1336 142 1383 diosa
155 1336 292 1396 conjunctio,
307 1350 353 1382 non
367 1335 398 1384 sd
411 1336 524 1382 occultam
539 1335 622 1382 recedit
636 1337 747 1383 obtrecta-

77 1401 173 1458 tionem,
184 1399 224 1447 sed
235 1400 264 1446 ad
276 1399 365 1446 bellum
376 1415 400 1446 se
415 1399 529 1462 erumpit3
547 1414 629 1460 neque,
641 1413 747 1446 mearum

77 1479 156 1512 rerum
168 1463 231 1527 quod
245 1464 365 1511 consilium
380 1463 488 1526 capiam‚¹
497 1463 600 1524 reperio;
618 1462 680 1524 quod
698 1477 746 1509 non

76 1528 167 1587 dubito,
182 1527 239 1590 quin
250 1536 273 1574 te
284 1543 376 1590 quoque
385 1528 435 1574 haec
445 1527 578 1574 deliberatio
588 1525 618 1572 sit
628 1528 747 1587 perturba-

77 1601 146 1648 tum
167 1607 221 1640 uam
240 1591 299 1638 mihi
317 1607 371 1639 cum
388 1591 520 1638 homiuibus
536 1590 573 1638 his
591 1597 615 1636 et
633 1589 706 1650 gratia
723 1599 747 1637 et
782 1630 796 1663 s

76 1655 219 1770 pppessitudo
233 1664 282 1713 est3
304 1664 355 1703 tum
371 1671 463 1703 causam
481 1655 555 1712 illum,
571 1668 618 1702 non
632 1653 745 1713 homines,
760 1664 792 1729 Λ

111 1784 176 1833 Illud
186 1792 208 1832 te
218 1799 264 1832 non
275 1784 371 1834 arbitror
381 1785 469 1848 fugere,
481 1784 537 1847 quin
548 1783 652 1832 homines
663 1782 687 1829 in
698 1781 745 1830 dis-

77 1850 182 1900 sensione
192 1848 313 1897 domestici
328 1849 433 1908 debeant,
450 1848 562 1912 quamdiu
575 1847 671 1909 civiliter
685 1845 746 1907 [sine

78 1914 162 1978 armis]
178 1921 281 1972 certetur,
296 1913 447 1961 honestiorem
461 1913 525 1976 sequi
537 1921 642 1976 purtemz
659 1911 701 1958 ubi
715 1911 746 1959 ad
779 1907 794 1957 s

77 1979 168 2029 bellum
185 1986 207 2024 et
222 1986 292 2026 castra
302 1988 397 2026 ventum
411 1978 447 2037 sit,
462 1977 603 2032 firmiorem
621 1985 644 2024 et
657 1976 682 2023 id
695 1991 745 2024 me·
761 1962 797 2032 Ji„

73 2045 126 2092 -lius
136 2050 242 2099 statuere,
253 2041 314 2105 quod
321 2042 394 2090 tutius
404 2042 440 2090 sit.
458 2042 488 2088 In
498 2041 541 2088 hac
552 2041 663 2088 discordiis
669 2040 744 2100 video,
757 2036 764 2065 ‘⁸'

73 2109 125 2156 Cn.
143 2106 287 2168 Pompeium,
305 2115 418 2164 senatum,
433 2106 520 2170 quique
533 2121 568 2153 res
582 2105 695 2165 judicant,
710 2120 745 2152 se-

73 2187 135 2222 eum
149 2170 296 2227 habiturum
313 2171 343 2219 ed
361 2171 474 2218 Gaeserem
487 2184 574 2229 omnes,
593 2170 634 2233 qui
648 2184 702 2218 cum
716 2169 746 2216 ti-

77 2251 143 2286 more
160 2244 201 2283 aut
216 2234 278 2282 mdis
295 2251 334 2298 spe
350 2235 436 2291 vivant,
456 2249 597 2291 accessurum
620 2233 745 2281 exercitum

74 2299 242 2350 conferendum
258 2313 303 2347 non
319 2315 374 2348 esse.
399 2300 503 2349 Omnino
521 2299 575 2347 satis
588 2299 654 2362 spatii
672 2296 746 2344 cited

74 2362 252 2414 considerandus
262 2363 378 2428 utriusque
388 2363 472 2428 copias,
484 2372 507 2413 et
513 2363 542 2412 ad
553 2362 681 2426 eligendam
691 2375 745 2422 par·

75 2440 133 2480 tan.

71 2533 74 2539 .
113 2495 189 2556 Prope
199 2491 284 2540 oblitus
293 2507 352 2554 sum,
361 2492 424 2558 quod
430 2463 584 2543 meximefuit
590 2486 744 2536 scribendum.

75 2558 129 2609 Scis
138 2557 247 2632 Appium
256 2571 369 2608 censorem
382 2558 422 2606 hte
430 2562 519 2606 demto
528 2554 619 2630 facere?
636 2551 665 2598 de
675 2551 746 2624 signis

77 2632 100 2671 et
117 2622 209 2684 tabulis,
228 2620 257 2673 de
276 2623 326 2690 egri
341 2622 423 2687 modo,
440 2621 472 2674 de
485 2637 532 2672 ere
546 2619 636 2676 meust
646 2628 764 2663 seems
