1650 2948
100 365 149 413 206
207 363 258 412 ΑΙ)
276 363 455 413 Dlvnnsos.
473 364 533 411 lun.
545 360 607 413 VII.
625 365 665 411 25.

101 493 168 542 valde
185 501 208 542 te
228 495 282 546 lnbo
330 510 349 542 e.
375 494 441 542 Amo
462 494 533 557 iginus
549 493 701 542 voluntatem.
727 491 771 541 Sed

48 616 54 622 ¹
100 573 174 621 penos
184 559 213 607 de
223 567 253 607 te.
300 560 352 622 pius
367 559 468 622 (opinor)
481 559 546 617 olim,
568 560 587 587 ‘⁶
598 557 657 605 Non
666 555 772 606 omnibus

100 621 223 671 donnio:”
239 624 271 672 sic
285 639 328 685 ego
344 637 391 669 non
408 624 525 680 omnibus,
544 623 579 669 mi
597 621 675 681 Galle,
693 621 770 670 servin.

101 685 153 736 Etsi
164 704 217 751 quae
227 697 261 736 est
271 687 320 735 hnc
331 688 446 735 servitus?
470 687 545 746 Olim,
561 701 616 734 cum
627 700 723 750 regnare
732 701 771 733 ex·

99 750 267 811 istimubsmur,
279 766 325 799 non
340 759 388 798 tam
399 754 428 799 ab
445 751 509 810 ullis,
526 766 598 814 quam
611 752 656 799 hoc
671 759 772 815 tempore

100 817 206 864 observor
220 832 235 864 n
247 815 430 864 familiarissimis
445 816 541 863 Gesseris
555 815 674 874 omnibus,
691 821 771 879 praetet

99 878 177 928 istum.
201 880 231 929 Id
246 896 289 944 ego
305 880 330 927 in
348 881 417 928 lucris
435 896 505 943 pono,
520 893 567 927 non
582 878 642 928 ferre
654 879 772 941 hominem¹

99 945 278 1007 pestilentiorem
295 945 370 1009 patrii
388 942 443 993 sui:
467 958 568 1008 eumque
585 943 708 992 addietum
723 944 771 1005 jin

99 1017 151 1056 tum
166 1018 223 1073 puto
235 1025 284 1058 esse
297 1010 363 1058 Calvi
376 1008 461 1058 Licinii
476 1009 637 1072 Hipponacteo
651 1007 770 1073 praecnnio.

99 1074 136 1121 At
146 1075 206 1134 vide,
218 1075 275 1139 quid
286 1081 422 1125 succensent

133 1139 244 1188 Phomeae
254 1155 347 1188 seusam
358 1153 495 1202 receperam,
505 1138 578 1201 ipsius
585 1136 682 1201 quidem
692 1137 769 1187 musi:

100 1205 221 1253 eratenim
232 1204 351 1252 mihiseue
361 1203 486 1251 familiaris
503 1202 530 1250 Is
539 1201 570 1250 ati
577 1217 616 1251 me
624 1202 705 1258 venit3
722 1202 771 1250 dix·

100 1267 173 1378 iltlflue',
183 1269 285 1379 juillicerlrjr
296 1268 340 1380 {bi
348 1283 447 1379 t<inperium
458 1267 517 1380 diiii
522 1265 675 1378 constitugsse,
686 1283 714 1316 eo
724 1266 772 1378 ipp

101 1347 707 1459 srcssmmussnsmm

99 1460 147 1507 lem
157 1478 164 1507 r
182 1460 255 1508 ulium
265 1460 327 1508 diem
335 1461 354 1508 si
363 1461 488 1518 sumsisset,
496 1476 535 1508 me
542 1460 564 1508 ei
571 1475 618 1518 ¹nrm
628 1459 768 1509 defuturum.

42 1560 54 1589 .·
100 1524 146 1572 llle
156 1533 243 1583 nutem,
255 1525 296 1588 qui
307 1525 381 1584 sciret,
395 1541 419 1573 se
432 1535 539 1588 nepotem
552 1525 643 1572 bellum
654 1525 769 1588 tibicinem

99 1588 191 1644 habere,
208 1598 230 1636 et
244 1598 278 1637 sat
290 1591 377 1638 bonum
396 1601 524 1647 unctorem,
541 1589 644 1636 discessit
656 1605 671 1636 a
683 1604 721 1637 me
735 1593 770 1643 (nt

99 1653 158 1700 mibi
166 1654 295 1712 videbatur)
304 1654 387 1702 iratior.
406 1655 486 1702 Habes
494 1654 577 1702 Sardos
587 1654 689 1710 venales,
700 1654 770 1702 alium

98 1717 145 1765 alio
162 1719 302 1794 nequiorem.
327 1718 438 1782 Cognosti
455 1733 531 1766 meum
549 1733 650 1776 cauam,
668 1727 692 1768 et
706 1718 769 1766 istius

99 1783 215 1833 Salncoms
222 1784 374 1847 iniquitatem.
387 1782 539 1832 “Catonem''
547 1782 683 1830 tuummihi
691 1783 767 1833 mitte:

99 1848 168 1911 cupio
187 1849 249 1896 enim
266 1850 357 1911 legere:
382 1863 420 1895 me
439 1847 514 1894 adhuc
531 1846 686 1910 conlegisse,
704 1856 769 1910 turpe

100 1913 193 1976 utrique
203 1915 305 1960 nostrum
317 1920 357 1960 est.
381 1913 446 1960 Vale.

120 2097 188 2155 (25.)
206 2094 334 2146 CICERO
351 2100 375 2147 S.
388 2098 419 2144 D.
437 2098 475 2146 M.
492 2096 600 2146 FABIO
618 2097 746 2146 GALLO.

134 2225 329 2288 (Argumentum.
337 2229 506 2292 -Epistolnm
517 2227 652 2276 conscissam
663 2243 710 2277 non
721 2241 767 2275 esse

98 2289 204 2336 nuntiat:
222 2299 245 2337 et
255 2293 365 2353 monitus,
379 2309 407 2340 ne
418 2293 531 2340 incautius
548 2292 576 2338 de
587 2292 678 2340 Caesare
688 2293 767 2354 loque-

98 2359 144 2410 tur,
156 2355 241 2415 grntias
249 2357 312 2418 agit3
331 2366 362 2413 et,
369 2367 396 2404 ut
406 2366 487 2420 pergat
498 2357 577 2403 stilum
591 2371 704 2414 exercere,
715 2355 766 2403 hor·

97 2424 166 2464 tants.
183 2417 274 2465 Eodem
284 2420 365 2481 anno.)

131 2543 202 2604 Quod
213 2547 332 2609 epistolum
348 2551 483 2598 oonsdssem
500 2549 572 2610 doles,
588 2549 637 2597 noli
647 2550 765 2597 laborare:

98 2610 161 2658 solve
171 2620 221 2666 αις
234 2610 303 2659 domo
313 2621 385 2676 petes,
397 2629 450 2660 cum
458 2614 547 2662 libebit.
564 2612 636 2673 Quod
643 2622 722 2662 autem
730 2627 768 2660 me

98 2689 186 2732 mones,
198 2675 264 2723 valde
279 2685 371 2739 gratum
387 2687 436 2725 est:
453 2678 525 2743 idque
540 2686 567 2725 ut
582 2692 673 2740 semper
689 2676 766 2734 fociae,

97 2754 160 2802 rogo·
176 2739 269 2789 Videris
275 2740 337 2788 enim
343 2741 402 2788 mihi
412 2743 492 2802 vetem,
503 2757 541 2801 ne,
552 2743 572 2789 si
582 2742 653 2789 istum
660 2740 767 2789 habueri·-

96 2816 159 2863 ωηο,
171 2804 286 2853 rideamus
297 2812 387 2863 γελωτα
399 2805 512 2867 inplentur.
531 2807 577 2855 Sed
588 2805 646 2853 heus
656 2813 683 2852 tu
694 2807 701 2852 l
717 2820 766 2856 ma·

88 2880 149 2918 num
161 2868 192 2920 ue
203 2869 301 2930 tabuli3
318 2869 427 2935 magister
437 2871 502 2919 celest
506 2871 582 2930 cinus,
589 2884 661 2932 quem
672 2870 766 2937 putirs5
