1650 2948
210 109 261 158 AD
277 109 455 160 DIVERSOS·
470 111 530 157 Lm.
544 110 589 156 IX.
607 114 629 155 ἱ).
709 112 756 164 ‘247

84 238 183 285 vitemus
194 241 270 286 oculos
280 241 410 295 hominum,
419 241 437 286 si
446 241 536 301 linguas
543 239 619 284 minus
627 238 692 284 bacile
702 254 755 299 pos-

84 303 164 348 simus.
191 304 240 361 Qui
259 305 319 350 cuim
331 303 424 351 victoris
441 321 463 350 se
479 305 583 362 efferunt,
600 303 664 364 qumi
683 303 753 348 victos
779 344 782 349 .

83 381 125 414 nos
136 368 261 414 intuentur.
283 369 332 426 Qui
343 378 418 415 autem
432 370 501 417 victos
517 378 603 415 nostros
614 368 708 413 moleste
720 367 753 413 ie-

83 442 148 492 runt,
159 447 201 480 nos
212 433 290 480 dolent
300 433 381 480 vivere.

114 496 212 556 Quaeres
222 496 324 556 fortssm,
336 512 385 558 cur,
397 512 451 545 carn
461 498 510 545 bac
520 492 621 544 in'Urbe
634 495 688 552 siut,
703 508 751 542 non

82 560 167 620 absim,
178 561 375 625 quemadmodum
385 570 418 609 tn.
436 561 476 609 'ru
487 561 548 608 enim
559 560 617 623 ipse,
645 559 670 606 ui
680 566 703 605 et
712 574 752 607 me

80 634 104 673 et
117 625 174 674 alios
185 624 307 688 prudentii
318 625 397 685 vincis,
408 625 487 674 omnia
500 624 587 684 (credo)
603 623 627 672 vi
644 623 696 679 Ἐς
714 624 751 671 ni-

80 689 115 737 hil
126 698 149 737 te
159 690 254 736 omnino
264 688 352 736 fefellit
369 690 429 749 Quia
440 699 474 737 est
488 697 537 736 tam
549 689 652 752 lynceus,
666 687 708 750 qui
724 688 749 735 in

80 754 152 802 mutis
158 753 444 801 tenebrisnihiloffendati
460 768 575 816 nusquam
582 753 700 799 incurrat?
711 751 751 799 Ac

79 818 140 866 nrihi
150 817 246 882 quidem
254 817 403 880 jampridem
414 817 477 865 venit
492 817 517 863 in
533 825 643 872 mentem,
660 815 750 863 bellum

79 897 129 931 esse
149 883 227 945 aliquo
243 882 314 940 exire,
332 891 359 928 ut
373 898 408 941 ea,
423 898 475 945 quae
489 882 616 943 agebantur
628 879 674 936 hic,
703 895 750 926 uas-

80 961 127 1010 qne
137 947 279 1004 dicebantur,
297 960 338 993 nec
349 945 458 1003 viderem,
473 960 515 992 nec
525 943 636 992 audirem.
712 958 750 990 ca·

78 1011 212 1058 lumuisbar
225 1012 288 1075 ipse:
305 1013 425 1074 putabam,
437 1010 478 1074 qui
494 1008 586 1057 obviam
600 1006 658 1054 mihi
674 1006 749 1055 venis·

78 1083 123 1134 set,
134 1085 163 1123 ut
178 1076 261 1138 cuique
273 1075 421 1122 commodum
432 1083 498 1133 esset,
512 1073 690 1136 suspicaturum,
707 1078 749 1118 aut

80 1140 207 1198 dicturum,
219 1140 288 1187 etiam
303 1140 383 1187 sinon
397 1140 562 1202 suspicaretur:
581 1136 628 1184 Hic
643 1143 684 1184 aut
698 1149 748 1183 me-

79 1203 135 1263 tuit,
153 1213 176 1251 et
193 1204 221 1251 ed
239 1220 264 1251 re
280 1203 306 1250 su
324 1203 356 1260 ἰς
374 1213 415 1252 aut
431 1202 519 1267 aliquid
531 1201 623 1265 cogitat,
640 1210 663 1248 et
678 1200 748 1247 habet

78 1283 163 1316 navem
180 1277 290 1331 paratam.
336 1268 427 1332 enique,
442 1268 555 1315 levissime
569 1265 610 1329 qui
623 1264 748 1328 suspicare·

78 1340 126 1391 tur,
139 1341 162 1379 et
188 1333 213 1379 ui
223 1332 317 1379 fortasse
331 1347 369 1379 me
381 1333 468 1395 optime
482 1330 588 1388 novisset,
602 1337 693 1392 putaret
707 1343 746 1376 me

77 1396 162 1444 idcirco
172 1349 293 1455 discedere,
327 1396 374 1444 uod
388 1395 501 1459 quosdam
515 1393 619 1441 homines
629 1392 689 1440 ocuii
699 1392 746 1440 mei

75 1461 137 1510 ferre
146 1475 193 1508 non
203 1468 301 1524 possent
349 1475 381 1507 aec
391 1475 433 1522 ego
441 1457 565 1521 suspicans,
577 1456 652 1504 adbuc
663 1457 747 1502 Mmoe

78 1539 176 1572 maneo:
201 1533 224 1572 et
242 1534 320 1571 tamen
338 1524 463 1577 λεληθιτως
479 1519 619 1569 consuetudo
635 1520 745 1567 diuturna
785 1534 788 1540 “

76 1589 163 1637 callum
172 1590 221 1649 jam
233 1588 330 1636 obduxit
340 1586 456 1635 stomacho
466 1601 525 1634 meo.
544 1584 546 1597 ”

111 1653 191 1700 Habes
198 1653 310 1700 rationem
325 1653 370 1699 mei
382 1651 477 1699 consilii.
492 1649 548 1697 Tibi
558 1647 628 1711 igitur
638 1648 682 1696 boc
692 1662 745 1695 cen-

76 1733 131 1766 seo:
152 1716 271 1764 latendum
288 1717 398 1779 tantisper
415 1715 510 1772 ibidem,
529 1713 587 1760 dum
606 1712 744 1760 defervescat

73 1783 125 1830 haec
132 1780 263 1844 gratulatio,
274 1789 296 1828 et
306 1781 376 1828 ιίιιιιι]
384 1780 440 1828 dnm
452 1779 582 1841 audiamus,
594 1775 744 1840 quemadmo-

73 1847 134 1894 dum
148 1845 265 1908 negotium
278 1845 406 1893 confectnm
422 1845 464 1900 sit;
481 1843 609 1891 confectum
622 1839 685 1887 enim
695 1855 744 1888 esse

74 1910 190 1960 existimo.
207 1909 292 1972 Magni
306 1918 383 1956 autem
399 1908 508 1965 intererit,
522 1905 564 1969 qui
573 1904 643 1952 fuerit
654 1903 743 1952 victoris

72 1975 174 2032 animus,
186 1974 227 2038 qui
238 1974 312 2022 exitus
322 1989 398 2020 renam
408 1990 415 2019 ι
427 1985 578 2034 quamquam,
586 1984 633 2032 quo
643 1983 681 2015 me
689 1984 743 2016 con-

72 2040 164 2103 jectura
174 2038 250 2097 ducat,
261 2039 334 2085 habeo
344 2055 350 2084 ι
368 2037 408 2085 sed
418 2043 523 2098 exspecto
533 2043 617 2080 tamen.
640 2031 677 2080 're
688 2048 741 2082 vero

72 2105 137 2162 nolo,
148 2102 193 2150 nisi
203 2103 252 2166 ipse
262 2117 341 2149 rumor
351 2103 401 2162 jam
408 2115 489 2148 raucus
500 2098 543 2146 erit
552 2098 634 2157 factus,
645 2096 675 2143 ad
685 2098 743 2145 Rai.

73 2185 101 2218 as
122 2167 206 2216 venire.
233 2166 286 2214 Erit
302 2166 363 2214 enim
379 2165 444 2213 nobis
460 2163 585 2221 honestius,
601 2162 670 2210 ειίιιιιι
687 2176 740 2210 cum

73 2233 129 2281 binc
139 2231 315 2289 discesserimus,
327 2230 398 2277 videri
408 2228 496 2277 venisse
510 2228 536 2274 in
549 2227 591 2275 illa
602 2227 652 2276 loca
665 2227 742 2290 plora-

75 2306 128 2345 tum
170 2296 215 2344 tius
225 2310 296 2359 quam
307 2303 420 2342 natatum.

165 2359 215 2408 haec
230 2370 257 2407 tu
272 2358 369 2407 meliust
389 2357 458 2406 modo
474 2356 539 2406 nobis
554 2364 598 2405 stet
611 2355 679 2415 illud,
693 2353 742 2401 unt

75 2424 151 2475 vivere
160 2424 185 2472 in
199 2424 280 2472 studiis
294 2422 391 2480 nostrin
408 2439 423 2470 a
436 2422 520 2486 quibus
532 2430 600 2469 antea
613 2417 742 2467 delectatio·

73 2505 129 2538 nem
145 2488 216 2536 modo
232 2489 374 2552 petebamus,
393 2501 456 2534 nunc
472 2501 525 2534 vero
542 2485 612 2532 etiam
628 2483 741 2529 salutems

74 2569 122 2603 non
132 2553 217 2613 deesse,
229 2551 311 2616 siquis
326 2551 435 2600 adhibere
448 2550 517 2607 volet,
532 2562 579 2595 non
588 2545 658 2594 modo
668 2553 695 2592 ut
707 2560 744 2591 ar-

73 2618 191 2678 chitectos,
210 2632 290 2667 vertam
309 2614 378 2665 etism
397 2623 425 2663 ut
441 2613 526 2673 fabros,
542 2610 573 2659 ad
587 2608 744 2658 menidam
