<?xml version="1.0" encoding="UTF-8"?>
<!DOCTYPE html PUBLIC "-//W3C//DTD XHTML 1.0 Transitional//EN"
    "http://www.w3.org/TR/xhtml1/DTD/xhtml1-transitional.dtd">
<html xmlns="http://www.w3.org/1999/xhtml" xml:lang="en" lang="en">
 <head>
  <title>
</title>
<meta http-equiv="Content-Type" content="text/html;charset=utf-8" />
  <meta name='ocr-system' content='tesseract 3.04.00' />
  <meta name='ocr-capabilities' content='ocr_page ocr_carea ocr_par ocr_line ocrx_word'/>
</head>
<body>
  <div class='ocr_page' id='page_1' title='image "./operaexeditioni00cicegoog_0118.png"; bbox 0 0 1650 2948; ppageno 0'>
   <div class='ocr_carea' id='block_1_1' title="bbox 179 153 725 213">
    <p class='ocr_par' dir='ltr' id='par_1_1' title="bbox 179 153 725 213">
     <span class='ocr_line' id='line_1_1' title="bbox 179 153 725 213; baseline 0.02 -11"><span class='ocrx_word' id='word_1_1' title='bbox 179 153 230 203; x_wconf 77' lang='lat' dir='ltr'>AD</span> <span class='ocrx_word' id='word_1_2' title='bbox 239 157 425 209; x_wconf 71' lang='lat' dir='ltr'>’Dlvmtsos</span> <span class='ocrx_word' id='word_1_3' title='bbox 443 158 503 207; x_wconf 73' lang='lat' dir='ltr'>laur.</span> <span class='ocrx_word' id='word_1_4' title='bbox 521 159 566 207; x_wconf 83' lang='lat' dir='ltr'>IV.</span> <span class='ocrx_word' id='word_1_5' title='bbox 584 161 607 206; x_wconf 82' lang='grc'>6.</span> <span class='ocrx_word' id='word_1_6' title='bbox 695 161 725 213; x_wconf 75' lang='lat'>⁹7</span> 
     </span>
    </p>
   </div>
   <div class='ocr_carea' id='block_1_2' title="bbox 57 285 731 622">
    <p class='ocr_par' dir='ltr' id='par_1_2' title="bbox 57 285 731 622">
     <span class='ocr_line' id='line_1_2' title="bbox 59 285 729 352; baseline 0.001 -20"><span class='ocrx_word' id='word_1_7' title='bbox 59 285 146 345; x_wconf 74' lang='lat' dir='ltr'>sirum,</span> <span class='ocrx_word' id='word_1_8' title='bbox 158 295 182 334; x_wconf 88' lang='lat' dir='ltr'>et</span> <span class='ocrx_word' id='word_1_9' title='bbox 190 288 281 351; x_wconf 84' lang='lat' dir='ltr'>magnis</span> <span class='ocrx_word' id='word_1_10' title='bbox 290 291 357 336; x_wconf 86' lang='lat' dir='ltr'>rebus</span> <span class='ocrx_word' id='word_1_11' title='bbox 367 289 444 352; x_wconf 83' lang='lat' dir='ltr'>gestis,</span> <span class='ocrx_word' id='word_1_12' title='bbox 453 289 545 344; x_wconf 84' lang='lat' dir='ltr'>amisit;</span> <span class='ocrx_word' id='word_1_13' title='bbox 563 298 585 336; x_wconf 88' lang='lat' dir='ltr'>et</span> <span class='ocrx_word' id='word_1_14' title='bbox 594 288 624 335; x_wconf 79' lang='lat'>11.</span> <span class='ocrx_word' id='word_1_15' title='bbox 633 287 729 345; x_wconf 79' lang='lat' dir='ltr'>Paulus,</span> 
     </span>
     <span class='ocr_line' id='line_1_3' title="bbox 57 351 728 417; baseline 0.003 -20"><span class='ocrx_word' id='word_1_16' title='bbox 57 351 99 413; x_wconf 90' lang='lat' dir='ltr'>qui</span> <span class='ocrx_word' id='word_1_17' title='bbox 116 351 164 398; x_wconf 91' lang='lat' dir='ltr'>duo</span> <span class='ocrx_word' id='word_1_18' title='bbox 183 364 271 417; x_wconf 82' lang='lat' dir='ltr'>septem</span> <span class='ocrx_word' id='word_1_19' title='bbox 289 353 387 410; x_wconf 73' lang='lat' dir='ltr'>diebus,</span> <span class='ocrx_word' id='word_1_20' title='bbox 403 363 427 400; x_wconf 87' lang='lat' dir='ltr'>et</span> <span class='ocrx_word' id='word_1_21' title='bbox 447 363 520 401; x_wconf 86' lang='lat' dir='ltr'>voster</span> <span class='ocrx_word' id='word_1_22' title='bbox 537 354 630 410; x_wconf 80' lang='lat' dir='ltr'><strong>Gallus,</strong></span> <span class='ocrx_word' id='word_1_23' title='bbox 650 362 673 399; x_wconf 88' lang='lat' dir='ltr'>et</span> <span class='ocrx_word' id='word_1_24' title='bbox 690 353 728 399; x_wconf 82' lang='lat' dir='ltr'>nl.</span> 
     </span>
     <span class='ocr_line' id='line_1_4' title="bbox 59 416 730 481; baseline 0.001 -18"><span class='ocrx_word' id='word_1_25' title='bbox 59 416 126 476; x_wconf 81' lang='lat' dir='ltr'>Cato,</span> <span class='ocrx_word' id='word_1_26' title='bbox 137 416 180 479; x_wconf 92' lang='lat' dir='ltr'>qui</span> <span class='ocrx_word' id='word_1_27' title='bbox 188 433 281 466; x_wconf 84' lang='lat' dir='ltr'>summo</span> <span class='ocrx_word' id='word_1_28' title='bbox 291 418 391 480; x_wconf 78' lang='lat' dir='ltr'>ingenio,</span> <span class='ocrx_word' id='word_1_29' title='bbox 398 419 492 465; x_wconf 73' lang='lat' dir='ltr'>summi</span> <span class='ocrx_word' id='word_1_30' title='bbox 500 419 583 466; x_wconf 87' lang='lat' dir='ltr'>virtute</span> <span class='ocrx_word' id='word_1_31' title='bbox 591 418 666 464; x_wconf 91' lang='lat' dir='ltr'>filium</span> <span class='ocrx_word' id='word_1_32' title='bbox 677 433 730 481; x_wconf 90' lang='lat' dir='ltr'>per-</span> 
     </span>
     <span class='ocr_line' id='line_1_5' title="bbox 57 479 731 546; baseline 0.001 -19"><span class='ocrx_word' id='word_1_33' title='bbox 57 479 124 540; x_wconf 86' lang='lat' dir='ltr'>didit,</span> <span class='ocrx_word' id='word_1_34' title='bbox 136 480 165 527; x_wconf 89' lang='lat' dir='ltr'>iis</span> <span class='ocrx_word' id='word_1_35' title='bbox 176 482 320 546; x_wconf 80' lang='lat' dir='ltr'>temporibus</span> <span class='ocrx_word' id='word_1_36' title='bbox 330 483 431 541; x_wconf 83' lang='lat' dir='ltr'>fuerunt,</span> <span class='ocrx_word' id='word_1_37' title='bbox 443 491 470 530; x_wconf 89' lang='lat' dir='ltr'>ut</span> <span class='ocrx_word' id='word_1_38' title='bbox 481 498 560 531; x_wconf 87' lang='lat' dir='ltr'>eorum</span> <span class='ocrx_word' id='word_1_39' title='bbox 571 484 661 530; x_wconf 90' lang='lat' dir='ltr'>luctum</span> <span class='ocrx_word' id='word_1_40' title='bbox 669 482 731 545; x_wconf 91' lang='lat' dir='ltr'>ipso·</span> 
     </span>
     <span class='ocr_line' id='line_1_6' title="bbox 58 543 731 622; baseline 0.004 -31"><span class='ocrx_word' id='word_1_41' title='bbox 58 559 119 594; x_wconf 89' lang='lat' dir='ltr'>rum.</span> <span class='ocrx_word' id='word_1_42' title='bbox 128 543 231 607; x_wconf 73' lang='lat' dir='ltr'>dignitas</span> <span class='ocrx_word' id='word_1_43' title='bbox 248 547 401 594; x_wconf 73' lang='lat' dir='ltr'><strong>consolaretur</strong></span> <span class='ocrx_word' id='word_1_44' title='bbox 414 562 449 607; x_wconf 90' lang='lat' dir='ltr'>ea,</span> <span class='ocrx_word' id='word_1_45' title='bbox 465 563 536 611; x_wconf 89' lang='lat' dir='ltr'>quam</span> <span class='ocrx_word' id='word_1_46' title='bbox 553 563 583 596; x_wconf 86' lang='lat' dir='ltr'>ex</span> <span class='ocrx_word' id='word_1_47' title='bbox 596 563 620 595; x_wconf 90' lang='lat' dir='ltr'>re</span> <span class='ocrx_word' id='word_1_48' title='bbox 637 545 731 622; x_wconf 79' lang='lat' dir='ltr'>publici</span> 
     </span>
    </p>
   </div>
   <div class='ocr_carea' id='block_1_3' title="bbox 55 611 753 2798">
    <p class='ocr_par' dir='ltr' id='par_1_3' title="bbox 55 611 745 1450">
     <span class='ocr_line' id='line_1_7' title="bbox 57 611 731 683; baseline 0.006 -27"><span class='ocrx_word' id='word_1_49' title='bbox 57 613 264 683; x_wconf 76' lang='lat' dir='ltr'>consequebantur.</span> <span class='ocrx_word' id='word_1_50' title='bbox 281 611 344 658; x_wconf 87' lang='lat' dir='ltr'>Mihi</span> <span class='ocrx_word' id='word_1_51' title='bbox 354 620 441 670; x_wconf 82' lang='lat' dir='ltr'>autem,</span> <span class='ocrx_word' id='word_1_52' title='bbox 453 613 541 660; x_wconf 86' lang='lat' dir='ltr'>amissis</span> <span class='ocrx_word' id='word_1_53' title='bbox 551 621 691 660; x_wconf 79' lang='lat' dir='ltr'>ornamenns</span> <span class='ocrx_word' id='word_1_54' title='bbox 702 612 731 660; x_wconf 87' lang='lat' dir='ltr'>iis</span> 
     </span>
     <span class='ocr_line' id='line_1_8' title="bbox 56 677 745 805; baseline -0.01 -20"><span class='ocrx_word' id='word_1_55' title='bbox 56 688 655 804; x_wconf 52' lang='lat' dir='ltr'>utstttssffitttffltttttttttff</span> <span class='ocrx_word' id='word_1_56' title='bbox 664 677 745 805; x_wconf 67' lang='lat' dir='ltr'>iid-</span> 
     </span>
     <span class='ocr_line' id='line_1_9' title="bbox 58 805 731 869; baseline 0 -17"><span class='ocrx_word' id='word_1_57' title='bbox 58 810 163 865; x_wconf 83' lang='lat' dir='ltr'>ereptum</span> <span class='ocrx_word' id='word_1_58' title='bbox 182 813 225 852; x_wconf 74' lang='lat' dir='ltr'>est.</span> <span class='ocrx_word' id='word_1_59' title='bbox 249 805 305 852; x_wconf 90' lang='lat' dir='ltr'>Non</span> <span class='ocrx_word' id='word_1_60' title='bbox 322 805 450 852; x_wconf 85' lang='lat' dir='ltr'>amicorum</span> <span class='ocrx_word' id='word_1_61' title='bbox 467 805 571 868; x_wconf 85' lang='lat' dir='ltr'>negotiis,</span> <span class='ocrx_word' id='word_1_62' title='bbox 589 820 635 853; x_wconf 93' lang='lat' dir='ltr'>non</span> <span class='ocrx_word' id='word_1_63' title='bbox 652 807 731 869; x_wconf 83' lang='lat' dir='ltr'>reipu-</span> 
     </span>
     <span class='ocr_line' id='line_1_10' title="bbox 56 865 729 932; baseline 0.006 -19"><span class='ocrx_word' id='word_1_64' title='bbox 56 865 123 914; x_wconf 71' lang='lat' dir='ltr'>blice</span> <span class='ocrx_word' id='word_1_65' title='bbox 132 869 302 932; x_wconf 77' lang='lat' dir='ltr'>procuratione,</span> <span class='ocrx_word' id='word_1_66' title='bbox 309 869 495 932; x_wconf 76' lang='lat' dir='ltr'>impediebantur</span> <span class='ocrx_word' id='word_1_67' title='bbox 502 870 648 931; x_wconf 79' lang='lat' dir='ltr'>cogitationes</span> <span class='ocrx_word' id='word_1_68' title='bbox 653 885 729 917; x_wconf 75' lang='lat' dir='ltr'>meae</span> 
     </span>
     <span class='ocr_line' id='line_1_11' title="bbox 56 930 730 997; baseline 0.003 -19"><span class='ocrx_word' id='word_1_69' title='bbox 56 930 115 978; x_wconf 86' lang='lat' dir='ltr'>nihil</span> <span class='ocrx_word' id='word_1_70' title='bbox 132 933 159 980; x_wconf 90' lang='lat' dir='ltr'>in</span> <span class='ocrx_word' id='word_1_71' title='bbox 175 935 226 982; x_wconf 82' lang='lat' dir='ltr'>foro</span> <span class='ocrx_word' id='word_1_72' title='bbox 243 942 310 997; x_wconf 79' lang='lat' dir='ltr'>agere</span> <span class='ocrx_word' id='word_1_73' title='bbox 326 934 427 982; x_wconf 79' lang='lat' dir='ltr'>libebat:</span> <span class='ocrx_word' id='word_1_74' title='bbox 445 934 560 996; x_wconf 75' lang='lat' dir='ltr'>adspicere</span> <span class='ocrx_word' id='word_1_75' title='bbox 578 933 666 981; x_wconf 86' lang='lat' dir='ltr'>curiam</span> <span class='ocrx_word' id='word_1_76' title='bbox 683 947 730 980; x_wconf 87' lang='lat' dir='ltr'>non</span> 
     </span>
     <span class='ocr_line' id='line_1_12' title="bbox 56 996 733 1062; baseline 0 -16"><span class='ocrx_word' id='word_1_77' title='bbox 56 1004 178 1058; x_wconf 80' lang='lat' dir='ltr'>poteram:</span> <span class='ocrx_word' id='word_1_78' title='bbox 197 997 357 1046; x_wconf 70' lang='lat' dir='ltr'>existimabam</span> <span class='ocrx_word' id='word_1_79' title='bbox 369 999 412 1057; x_wconf 90' lang='lat' dir='ltr'>(id,</span> <span class='ocrx_word' id='word_1_80' title='bbox 424 996 487 1062; x_wconf 90' lang='lat' dir='ltr'>quod</span> <span class='ocrx_word' id='word_1_81' title='bbox 498 1007 556 1055; x_wconf 84' lang='lat' dir='ltr'>erat)</span> <span class='ocrx_word' id='word_1_82' title='bbox 570 1012 649 1045; x_wconf 86' lang='lat' dir='ltr'>omnes</span> <span class='ocrx_word' id='word_1_83' title='bbox 659 1012 698 1044; x_wconf 90' lang='lat' dir='ltr'>me</span> <span class='ocrx_word' id='word_1_84' title='bbox 709 1006 733 1046; x_wconf 87' lang='lat' dir='ltr'>et</span> 
     </span>
     <span class='ocr_line' id='line_1_13' title="bbox 55 1059 729 1126; baseline 0.003 -17"><span class='ocrx_word' id='word_1_85' title='bbox 55 1059 175 1111; x_wconf 69' lang='lat' dir='ltr'>industria</span> <span class='ocrx_word' id='word_1_86' title='bbox 192 1078 252 1111; x_wconf 77' lang='lat' dir='ltr'>mere</span> <span class='ocrx_word' id='word_1_87' title='bbox 269 1063 358 1111; x_wconf 85' lang='lat' dir='ltr'>fructus</span> <span class='ocrx_word' id='word_1_88' title='bbox 372 1072 396 1111; x_wconf 90' lang='lat' dir='ltr'>et</span> <span class='ocrx_word' id='word_1_89' title='bbox 412 1064 510 1111; x_wconf 73' lang='lat' dir='ltr'>fortuna</span> <span class='ocrx_word' id='word_1_90' title='bbox 526 1062 657 1126; x_wconf 85' lang='lat' dir='ltr'>perdidisse.</span> <span class='ocrx_word' id='word_1_91' title='bbox 674 1063 729 1123; x_wconf 85' lang='lat' dir='ltr'>Sed,</span> 
     </span>
     <span class='ocr_line' id='line_1_14' title="bbox 56 1127 728 1191; baseline 0.006 -19"><span class='ocrx_word' id='word_1_92' title='bbox 56 1139 110 1173; x_wconf 84' lang='lat' dir='ltr'>curn</span> <span class='ocrx_word' id='word_1_93' title='bbox 120 1129 257 1191; x_wconf 72' lang='lat' dir='ltr'>cogitarem,</span> <span class='ocrx_word' id='word_1_94' title='bbox 268 1128 318 1189; x_wconf 70' lang='lat' dir='ltr'>brec</span> <span class='ocrx_word' id='word_1_95' title='bbox 334 1128 393 1175; x_wconf 89' lang='lat' dir='ltr'>mihi</span> <span class='ocrx_word' id='word_1_96' title='bbox 403 1137 479 1176; x_wconf 89' lang='lat' dir='ltr'>tecum</span> <span class='ocrx_word' id='word_1_97' title='bbox 490 1137 514 1176; x_wconf 87' lang='lat' dir='ltr'>et</span> <span class='ocrx_word' id='word_1_98' title='bbox 523 1143 577 1175; x_wconf 91' lang='lat' dir='ltr'>cum</span> <span class='ocrx_word' id='word_1_99' title='bbox 588 1127 728 1191; x_wconf 88' lang='lat' dir='ltr'>quibusdam</span> 
     </span>
     <span class='ocr_line' id='line_1_15' title="bbox 56 1191 729 1256; baseline 0 -17"><span class='ocrx_word' id='word_1_100' title='bbox 56 1204 104 1239; x_wconf 84' lang='lat' dir='ltr'>esse</span> <span class='ocrx_word' id='word_1_101' title='bbox 119 1191 274 1249; x_wconf 85' lang='lat' dir='ltr'>communia;</span> <span class='ocrx_word' id='word_1_102' title='bbox 292 1200 315 1240; x_wconf 91' lang='lat' dir='ltr'>et</span> <span class='ocrx_word' id='word_1_103' title='bbox 332 1208 385 1240; x_wconf 91' lang='lat' dir='ltr'>cum</span> <span class='ocrx_word' id='word_1_104' title='bbox 402 1193 531 1256; x_wconf 81' lang='lat' dir='ltr'>frangerem</span> <span class='ocrx_word' id='word_1_105' title='bbox 545 1194 597 1254; x_wconf 85' lang='lat' dir='ltr'>jam</span> <span class='ocrx_word' id='word_1_106' title='bbox 616 1192 665 1255; x_wconf 91' lang='lat' dir='ltr'>ipse</span> <span class='ocrx_word' id='word_1_107' title='bbox 681 1208 729 1252; x_wconf 88' lang='lat' dir='ltr'>me,</span> 
     </span>
     <span class='ocr_line' id='line_1_16' title="bbox 56 1256 730 1321; baseline 0 -17"><span class='ocrx_word' id='word_1_108' title='bbox 56 1270 209 1321; x_wconf 72' lang='lat' dir='ltr'>cogeremque</span> <span class='ocrx_word' id='word_1_109' title='bbox 218 1257 261 1304; x_wconf 89' lang='lat' dir='ltr'>illa</span> <span class='ocrx_word' id='word_1_110' title='bbox 270 1256 330 1309; x_wconf 80' lang='lat' dir='ltr'>ferre</span> <span class='ocrx_word' id='word_1_111' title='bbox 340 1257 477 1313; x_wconf 60' lang='lat' dir='ltr'>tolerantem</span> <span class='ocrx_word' id='word_1_112' title='bbox 494 1257 608 1305; x_wconf 87' lang='lat' dir='ltr'>habebam</span> <span class='ocrx_word' id='word_1_113' title='bbox 617 1271 664 1320; x_wconf 92' lang='lat' dir='ltr'>quo</span> <span class='ocrx_word' id='word_1_114' title='bbox 675 1272 730 1305; x_wconf 89' lang='lat' dir='ltr'>con-</span> 
     </span>
     <span class='ocr_line' id='line_1_17' title="bbox 56 1318 730 1385; baseline 0.001 -16"><span class='ocrx_word' id='word_1_115' title='bbox 56 1318 171 1382; x_wconf 79' lang='lat' dir='ltr'>fugerem,</span> <span class='ocrx_word' id='word_1_116' title='bbox 190 1321 232 1369; x_wconf 88' lang='lat' dir='ltr'>nbi</span> <span class='ocrx_word' id='word_1_117' title='bbox 249 1322 440 1385; x_wconf 83' lang='lat' dir='ltr'>conquiescerem,</span> <span class='ocrx_word' id='word_1_118' title='bbox 460 1324 527 1382; x_wconf 86' lang='lat' dir='ltr'>cujus</span> <span class='ocrx_word' id='word_1_119' title='bbox 542 1323 567 1369; x_wconf 91' lang='lat' dir='ltr'>in</span> <span class='ocrx_word' id='word_1_120' title='bbox 585 1337 689 1370; x_wconf 77' lang='lat' dir='ltr'>somnone</span> <span class='ocrx_word' id='word_1_121' title='bbox 706 1329 730 1370; x_wconf 90' lang='lat' dir='ltr'>et</span> 
     </span>
     <span class='ocr_line' id='line_1_18' title="bbox 57 1386 635 1450; baseline -0.002 -17"><span class='ocrx_word' id='word_1_122' title='bbox 57 1387 170 1435; x_wconf 73' lang='lat' dir='ltr'>marimte</span> <span class='ocrx_word' id='word_1_123' title='bbox 179 1400 261 1434; x_wconf 90' lang='lat' dir='ltr'>omnes</span> <span class='ocrx_word' id='word_1_124' title='bbox 271 1401 337 1434; x_wconf 89' lang='lat' dir='ltr'>curas</span> <span class='ocrx_word' id='word_1_125' title='bbox 347 1386 480 1450; x_wconf 87' lang='lat' dir='ltr'>doloresque</span> <span class='ocrx_word' id='word_1_126' title='bbox 490 1387 635 1450; x_wconf 87' lang='lat' dir='ltr'>deponerem.</span> 
     </span>
    </p>

    <p class='ocr_par' dir='ltr' id='par_1_4' title="bbox 57 1450 731 2290">
     <span class='ocr_line' id='line_1_19' title="bbox 87 1450 729 1514; baseline -0.002 -15"><span class='ocrx_word' id='word_1_127' title='bbox 87 1451 162 1499; x_wconf 89' lang='lat' dir='ltr'>Nunc</span> <span class='ocrx_word' id='word_1_128' title='bbox 175 1459 264 1511; x_wconf 82' lang='lat' dir='ltr'>autern,</span> <span class='ocrx_word' id='word_1_129' title='bbox 280 1451 324 1499; x_wconf 88' lang='lat' dir='ltr'>hoc</span> <span class='ocrx_word' id='word_1_130' title='bbox 338 1459 386 1498; x_wconf 87' lang='lat' dir='ltr'>tam</span> <span class='ocrx_word' id='word_1_131' title='bbox 400 1451 464 1514; x_wconf 78' lang='lat' dir='ltr'>gravi</span> <span class='ocrx_word' id='word_1_132' title='bbox 477 1452 580 1508; x_wconf 83' lang='lat' dir='ltr'>vulnere,</span> <span class='ocrx_word' id='word_1_133' title='bbox 595 1450 665 1498; x_wconf 88' lang='lat' dir='ltr'>etiam</span> <span class='ocrx_word' id='word_1_134' title='bbox 679 1451 729 1511; x_wconf 87' lang='lat' dir='ltr'>illa,</span> 
     </span>
     <span class='ocr_line' id='line_1_20' title="bbox 57 1515 730 1578; baseline -0.003 -15"><span class='ocrx_word' id='word_1_135' title='bbox 57 1530 109 1578; x_wconf 79' lang='lat' dir='ltr'>qun</span> <span class='ocrx_word' id='word_1_136' title='bbox 114 1516 263 1565; x_wconf 88' lang='lat' dir='ltr'>consanuisse</span> <span class='ocrx_word' id='word_1_137' title='bbox 267 1515 585 1575; x_wconf 85' lang='lat' dir='ltr'>videbantur,recrudescunt‚</span> <span class='ocrx_word' id='word_1_138' title='bbox 595 1516 651 1562; x_wconf 92' lang='lat' dir='ltr'>Non</span> <span class='ocrx_word' id='word_1_139' title='bbox 658 1516 730 1574; x_wconf 88' lang='lat' dir='ltr'>enim,</span> 
     </span>
     <span class='ocr_line' id='line_1_21' title="bbox 59 1579 729 1644; baseline -0.001 -17"><span class='ocrx_word' id='word_1_140' title='bbox 59 1588 84 1627; x_wconf 89' lang='lat' dir='ltr'>ut</span> <span class='ocrx_word' id='word_1_141' title='bbox 92 1589 147 1629; x_wconf 85' lang='lat' dir='ltr'>turn</span> <span class='ocrx_word' id='word_1_142' title='bbox 157 1596 198 1629; x_wconf 91' lang='lat' dir='ltr'>me</span> <span class='ocrx_word' id='word_1_143' title='bbox 207 1597 223 1629; x_wconf 88' lang='lat' dir='ltr'>a</span> <span class='ocrx_word' id='word_1_144' title='bbox 238 1597 264 1629; x_wconf 90' lang='lat' dir='ltr'>re</span> <span class='ocrx_word' id='word_1_145' title='bbox 274 1580 368 1644; x_wconf 76' lang='lat' dir='ltr'>publici</span> <span class='ocrx_word' id='word_1_146' title='bbox 377 1589 485 1628; x_wconf 87' lang='lat' dir='ltr'>moestum</span> <span class='ocrx_word' id='word_1_147' title='bbox 498 1580 583 1627; x_wconf 89' lang='lat' dir='ltr'>domus</span> <span class='ocrx_word' id='word_1_148' title='bbox 594 1579 729 1642; x_wconf 84' lang='lat' dir='ltr'>excipiebat,</span> 
     </span>
     <span class='ocr_line' id='line_1_22' title="bbox 59 1644 731 1707; baseline -0.003 -14"><span class='ocrx_word' id='word_1_149' title='bbox 59 1659 110 1707; x_wconf 77' lang='lat' dir='ltr'>quse</span> <span class='ocrx_word' id='word_1_150' title='bbox 128 1646 225 1704; x_wconf 81' lang='lat' dir='ltr'>levaret,</span> <span class='ocrx_word' id='word_1_151' title='bbox 240 1646 275 1696; x_wconf 90' lang='lat' dir='ltr'>sic</span> <span class='ocrx_word' id='word_1_152' title='bbox 289 1660 352 1692; x_wconf 89' lang='lat' dir='ltr'>nunc</span> <span class='ocrx_word' id='word_1_153' title='bbox 363 1644 433 1692; x_wconf 91' lang='lat' dir='ltr'>domo</span> <span class='ocrx_word' id='word_1_154' title='bbox 449 1660 547 1693; x_wconf 87' lang='lat' dir='ltr'>moerens</span> <span class='ocrx_word' id='word_1_155' title='bbox 557 1644 588 1692; x_wconf 84' lang='lat' dir='ltr'>ad</span> <span class='ocrx_word' id='word_1_156' title='bbox 603 1644 731 1707; x_wconf 89' lang='lat' dir='ltr'>rempubli-</span> 
     </span>
     <span class='ocr_line' id='line_1_23' title="bbox 58 1708 730 1774; baseline -0.001 -17"><span class='ocrx_word' id='word_1_157' title='bbox 58 1724 108 1758; x_wconf 90' lang='lat' dir='ltr'>cam</span> <span class='ocrx_word' id='word_1_158' title='bbox 119 1711 245 1774; x_wconf 74' lang='lat' dir='ltr'>confngere</span> <span class='ocrx_word' id='word_1_159' title='bbox 255 1725 358 1773; x_wconf 89' lang='lat' dir='ltr'>possum,</span> <span class='ocrx_word' id='word_1_160' title='bbox 370 1710 431 1757; x_wconf 89' lang='lat' dir='ltr'>utin</span> <span class='ocrx_word' id='word_1_161' title='bbox 442 1711 492 1771; x_wconf 87' lang='lat' dir='ltr'>ejus</span> <span class='ocrx_word' id='word_1_162' title='bbox 502 1709 569 1757; x_wconf 90' lang='lat' dir='ltr'>bonis</span> <span class='ocrx_word' id='word_1_163' title='bbox 579 1708 730 1773; x_wconf 83' lang='lat' dir='ltr'>acquiescam.</span> 
     </span>
     <span class='ocr_line' id='line_1_24' title="bbox 59 1773 730 1839; baseline -0.001 -18"><span class='ocrx_word' id='word_1_164' title='bbox 59 1774 142 1839; x_wconf 85' lang='lat' dir='ltr'>Itaque</span> <span class='ocrx_word' id='word_1_165' title='bbox 152 1784 176 1823; x_wconf 91' lang='lat' dir='ltr'>et</span> <span class='ocrx_word' id='word_1_166' title='bbox 187 1775 256 1821; x_wconf 89' lang='lat' dir='ltr'>domo</span> <span class='ocrx_word' id='word_1_167' title='bbox 267 1776 357 1830; x_wconf 87' lang='lat' dir='ltr'>absum,</span> <span class='ocrx_word' id='word_1_168' title='bbox 370 1783 393 1821; x_wconf 86' lang='lat' dir='ltr'>et</span> <span class='ocrx_word' id='word_1_169' title='bbox 403 1775 460 1833; x_wconf 84' lang='lat' dir='ltr'>soro,</span> <span class='ocrx_word' id='word_1_170' title='bbox 473 1774 536 1839; x_wconf 92' lang='lat' dir='ltr'>quod</span> <span class='ocrx_word' id='word_1_171' title='bbox 548 1789 590 1822; x_wconf 87' lang='lat' dir='ltr'>nec</span> <span class='ocrx_word' id='word_1_172' title='bbox 601 1788 654 1821; x_wconf 91' lang='lat' dir='ltr'>eum</span> <span class='ocrx_word' id='word_1_173' title='bbox 666 1773 730 1821; x_wconf 91' lang='lat' dir='ltr'>dolo-</span> 
     </span>
     <span class='ocr_line' id='line_1_25' title="bbox 58 1838 731 1902; baseline -0.003 -15"><span class='ocrx_word' id='word_1_174' title='bbox 58 1854 114 1898; x_wconf 85' lang='lat' dir='ltr'>rem,</span> <span class='ocrx_word' id='word_1_175' title='bbox 126 1854 200 1902; x_wconf 90' lang='lat' dir='ltr'>quem</span> <span class='ocrx_word' id='word_1_176' title='bbox 209 1854 225 1886; x_wconf 95' lang='lat' dir='ltr'>a</span> <span class='ocrx_word' id='word_1_177' title='bbox 239 1839 367 1901; x_wconf 69' lang='lat' dir='ltr'>republicis</span> <span class='ocrx_word' id='word_1_178' title='bbox 381 1838 454 1902; x_wconf 87' lang='lat' dir='ltr'>capio,</span> <span class='ocrx_word' id='word_1_179' title='bbox 466 1839 549 1886; x_wconf 90' lang='lat' dir='ltr'>domus</span> <span class='ocrx_word' id='word_1_180' title='bbox 557 1841 607 1900; x_wconf 87' lang='lat' dir='ltr'>jam</span> <span class='ocrx_word' id='word_1_181' title='bbox 620 1838 731 1886; x_wconf 87' lang='lat' dir='ltr'>consolari</span> 
     </span>
     <span class='ocr_line' id='line_1_26' title="bbox 58 1903 731 1968; baseline -0.001 -17"><span class='ocrx_word' id='word_1_182' title='bbox 58 1912 143 1966; x_wconf 82' lang='lat' dir='ltr'>potest,</span> <span class='ocrx_word' id='word_1_183' title='bbox 163 1918 206 1951; x_wconf 89' lang='lat' dir='ltr'>nec</span> <span class='ocrx_word' id='word_1_184' title='bbox 221 1903 372 1950; x_wconf 88' lang='lat' dir='ltr'>domesticum</span> <span class='ocrx_word' id='word_1_185' title='bbox 387 1919 422 1952; x_wconf 91' lang='lat' dir='ltr'>res</span> <span class='ocrx_word' id='word_1_186' title='bbox 436 1904 536 1968; x_wconf 86' lang='lat' dir='ltr'>publica.</span> <span class='ocrx_word' id='word_1_187' title='bbox 551 1904 607 1963; x_wconf 88' lang='lat' dir='ltr'>Quo</span> <span class='ocrx_word' id='word_1_188' title='bbox 623 1903 697 1965; x_wconf 84' lang='lat' dir='ltr'>magis</span> <span class='ocrx_word' id='word_1_189' title='bbox 707 1912 731 1950; x_wconf 88' lang='lat' dir='ltr'>te</span> 
     </span>
     <span class='ocr_line' id='line_1_27' title="bbox 59 1967 731 2033; baseline -0.003 -17"><span class='ocrx_word' id='word_1_190' title='bbox 59 1976 174 2031; x_wconf 84' lang='lat' dir='ltr'>exspecto,</span> <span class='ocrx_word' id='word_1_191' title='bbox 188 1976 257 2030; x_wconf 81' lang='lat' dir='ltr'>teque</span> <span class='ocrx_word' id='word_1_192' title='bbox 274 1967 350 2015; x_wconf 82' lang='lat' dir='ltr'>videre</span> <span class='ocrx_word' id='word_1_193' title='bbox 361 1984 432 2031; x_wconf 88' lang='lat' dir='ltr'>quam</span> <span class='ocrx_word' id='word_1_194' title='bbox 447 1970 549 2033; x_wconf 85' lang='lat' dir='ltr'>primum</span> <span class='ocrx_word' id='word_1_195' title='bbox 560 1967 634 2030; x_wconf 90' lang='lat' dir='ltr'>cupio.</span> <span class='ocrx_word' id='word_1_196' title='bbox 652 1967 731 2028; x_wconf 77' lang='lat' dir='ltr'>lllajor</span> 
     </span>
     <span class='ocr_line' id='line_1_28' title="bbox 58 2032 731 2097; baseline -0.004 -16"><span class='ocrx_word' id='word_1_197' title='bbox 58 2033 116 2080; x_wconf 91' lang='lat' dir='ltr'>mihi</span> <span class='ocrx_word' id='word_1_198' title='bbox 135 2032 221 2081; x_wconf 85' lang='lat' dir='ltr'>levatio</span> <span class='ocrx_word' id='word_1_199' title='bbox 238 2032 314 2079; x_wconf 87' lang='lat' dir='ltr'>afferri</span> <span class='ocrx_word' id='word_1_200' title='bbox 330 2033 395 2080; x_wconf 89' lang='lat' dir='ltr'>nulla</span> <span class='ocrx_word' id='word_1_201' title='bbox 411 2043 493 2097; x_wconf 85' lang='lat' dir='ltr'>potest,</span> <span class='ocrx_word' id='word_1_202' title='bbox 513 2047 584 2095; x_wconf 88' lang='lat' dir='ltr'>quam</span> <span class='ocrx_word' id='word_1_203' title='bbox 602 2032 731 2092; x_wconf 89' lang='lat' dir='ltr'>conjunctio</span> 
     </span>
     <span class='ocr_line' id='line_1_29' title="bbox 58 2097 730 2159; baseline -0.001 -15"><span class='ocrx_word' id='word_1_204' title='bbox 58 2097 232 2145; x_wconf 87' lang='lat' dir='ltr'>consuetudinis</span> <span class='ocrx_word' id='word_1_205' title='bbox 242 2111 419 2159; x_wconf 87' lang='lat' dir='ltr'>sermonumque</span> <span class='ocrx_word' id='word_1_206' title='bbox 426 2106 568 2145; x_wconf 81' lang='lat' dir='ltr'>nostronrm:</span> <span class='ocrx_word' id='word_1_207' title='bbox 587 2111 730 2159; x_wconf 88' lang='lat' dir='ltr'>quamquam</span> 
     </span>
     <span class='ocr_line' id='line_1_30' title="bbox 59 2160 730 2225; baseline -0.001 -16"><span class='ocrx_word' id='word_1_208' title='bbox 59 2165 189 2224; x_wconf 87' lang='lat' dir='ltr'>sperabam,</span> <span class='ocrx_word' id='word_1_209' title='bbox 201 2171 269 2209; x_wconf 88' lang='lat' dir='ltr'>tuum</span> <span class='ocrx_word' id='word_1_210' title='bbox 280 2160 405 2210; x_wconf 84' lang='lat' dir='ltr'>adventum</span> <span class='ocrx_word' id='word_1_211' title='bbox 416 2163 459 2216; x_wconf 84' lang='lat' dir='ltr'>(sic</span> <span class='ocrx_word' id='word_1_212' title='bbox 469 2161 530 2210; x_wconf 89' lang='lat' dir='ltr'>enim</span> <span class='ocrx_word' id='word_1_213' title='bbox 545 2160 678 2219; x_wconf 88' lang='lat' dir='ltr'>audiebam)</span> <span class='ocrx_word' id='word_1_214' title='bbox 688 2177 730 2225; x_wconf 89' lang='lat' dir='ltr'>ap-</span> 
     </span>
     <span class='ocr_line' id='line_1_31' title="bbox 58 2227 220 2290; baseline -0.006 -17"><span class='ocrx_word' id='word_1_215' title='bbox 58 2227 220 2290; x_wconf 83' lang='lat' dir='ltr'>propinquare.</span> 
     </span>
    </p>

    <p class='ocr_par' dir='ltr' id='par_1_5' title="bbox 59 2290 753 2744">
     <span class='ocr_line' id='line_1_32' title="bbox 89 2290 730 2354; baseline -0.002 -17"><span class='ocrx_word' id='word_1_216' title='bbox 89 2291 145 2353; x_wconf 82' lang='lat' dir='ltr'>Ego</span> <span class='ocrx_word' id='word_1_217' title='bbox 155 2299 244 2349; x_wconf 83' lang='lat' dir='ltr'>autem,</span> <span class='ocrx_word' id='word_1_218' title='bbox 256 2305 310 2337; x_wconf 88' lang='lat' dir='ltr'>cum</span> <span class='ocrx_word' id='word_1_219' title='bbox 318 2290 399 2338; x_wconf 87' lang='lat' dir='ltr'>multis</span> <span class='ocrx_word' id='word_1_220' title='bbox 409 2290 438 2338; x_wconf 92' lang='lat' dir='ltr'>de</span> <span class='ocrx_word' id='word_1_221' title='bbox 448 2292 520 2340; x_wconf 83' lang='lat' dir='ltr'>causis</span> <span class='ocrx_word' id='word_1_222' title='bbox 531 2299 554 2339; x_wconf 90' lang='lat' dir='ltr'>te</span> <span class='ocrx_word' id='word_1_223' title='bbox 564 2302 648 2354; x_wconf 86' lang='lat' dir='ltr'>exopto</span> <span class='ocrx_word' id='word_1_224' title='bbox 658 2304 730 2353; x_wconf 87' lang='lat' dir='ltr'>quam</span> 
     </span>
     <span class='ocr_line' id='line_1_33' title="bbox 59 2355 730 2416; baseline -0.001 -15"><span class='ocrx_word' id='word_1_225' title='bbox 59 2355 162 2416; x_wconf 89' lang='lat' dir='ltr'>primum</span> <span class='ocrx_word' id='word_1_226' title='bbox 181 2355 265 2414; x_wconf 85' lang='lat' dir='ltr'>videre,</span> <span class='ocrx_word' id='word_1_227' title='bbox 281 2363 331 2402; x_wconf 90' lang='lat' dir='ltr'>tum</span> <span class='ocrx_word' id='word_1_228' title='bbox 344 2356 423 2413; x_wconf 83' lang='lat' dir='ltr'>etiarn,</span> <span class='ocrx_word' id='word_1_229' title='bbox 441 2364 468 2403; x_wconf 88' lang='lat' dir='ltr'>ut</span> <span class='ocrx_word' id='word_1_230' title='bbox 481 2366 534 2404; x_wconf 90' lang='lat' dir='ltr'>ante</span> <span class='ocrx_word' id='word_1_231' title='bbox 548 2364 730 2405; x_wconf 86' lang='lat' dir='ltr'>commentemur</span> 
     </span>
     <span class='ocr_line' id='line_1_34' title="bbox 59 2418 730 2482; baseline -0.001 -17"><span class='ocrx_word' id='word_1_232' title='bbox 59 2419 118 2466; x_wconf 75' lang='lat' dir='ltr'>&#39;niter</span> <span class='ocrx_word' id='word_1_233' title='bbox 135 2433 186 2477; x_wconf 89' lang='lat' dir='ltr'>nos,</span> <span class='ocrx_word' id='word_1_234' title='bbox 205 2418 253 2482; x_wconf 78' lang='lat' dir='ltr'>qui</span> <span class='ocrx_word' id='word_1_235' title='bbox 269 2419 356 2467; x_wconf 88' lang='lat' dir='ltr'>ratione</span> <span class='ocrx_word' id='word_1_236' title='bbox 372 2421 439 2468; x_wconf 91' lang='lat' dir='ltr'>nobis</span> <span class='ocrx_word' id='word_1_237' title='bbox 456 2421 622 2469; x_wconf 87' lang='lat' dir='ltr'>traducendum</span> <span class='ocrx_word' id='word_1_238' title='bbox 640 2420 669 2466; x_wconf 89' lang='lat' dir='ltr'>sit</span> <span class='ocrx_word' id='word_1_239' title='bbox 686 2418 730 2465; x_wconf 91' lang='lat' dir='ltr'>hoc</span> 
     </span>
     <span class='ocr_line' id='line_1_35' title="bbox 60 2482 730 2546; baseline -0.004 -16"><span class='ocrx_word' id='word_1_240' title='bbox 60 2491 161 2546; x_wconf 84' lang='lat' dir='ltr'>ternpus,</span> <span class='ocrx_word' id='word_1_241' title='bbox 173 2482 237 2546; x_wconf 91' lang='lat' dir='ltr'>quod</span> <span class='ocrx_word' id='word_1_242' title='bbox 247 2491 281 2530; x_wconf 89' lang='lat' dir='ltr'>est</span> <span class='ocrx_word' id='word_1_243' title='bbox 288 2492 364 2531; x_wconf 84' lang='lat' dir='ltr'>tntum</span> <span class='ocrx_word' id='word_1_244' title='bbox 375 2484 480 2532; x_wconf 85' lang='lat' dir='ltr'>adunius</span> <span class='ocrx_word' id='word_1_245' title='bbox 489 2486 630 2534; x_wconf 88' lang='lat' dir='ltr'>voluntatem</span> <span class='ocrx_word' id='word_1_246' title='bbox 641 2497 730 2530; x_wconf 84' lang='lat' dir='ltr'>accom-</span> 
     </span>
     <span class='ocr_line' id='line_1_36' title="bbox 59 2547 732 2611; baseline -0.009 -14"><span class='ocrx_word' id='word_1_247' title='bbox 59 2547 214 2607; x_wconf 79' lang='lat' dir='ltr'>modandum,</span> <span class='ocrx_word' id='word_1_248' title='bbox 223 2547 378 2611; x_wconf 82' lang='lat' dir='ltr'>etpmdrntis,</span> <span class='ocrx_word' id='word_1_249' title='bbox 391 2550 529 2609; x_wconf 85' lang='lat' dir='ltr'>etliberalis,</span> <span class='ocrx_word' id='word_1_250' title='bbox 542 2558 565 2597; x_wconf 90' lang='lat' dir='ltr'>et</span> <span class='ocrx_word' id='word_1_251' title='bbox 575 2554 613 2601; x_wconf 85' lang='lat' dir='ltr'>(ut</span> <span class='ocrx_word' id='word_1_252' title='bbox 622 2559 732 2610; x_wconf 83' lang='lat' dir='ltr'>perspex-</span> 
     </span>
     <span class='ocr_line' id='line_1_37' title="bbox 59 2607 742 2673; baseline -0.003 -13"><span class='ocrx_word' id='word_1_253' title='bbox 59 2611 101 2660; x_wconf 87' lang='lat' dir='ltr'>isse</span> <span class='ocrx_word' id='word_1_254' title='bbox 111 2612 202 2671; x_wconf 80' lang='lat' dir='ltr'>rideor)</span> <span class='ocrx_word' id='word_1_255' title='bbox 213 2626 277 2660; x_wconf 86' lang='lat' dir='ltr'>neca</span> <span class='ocrx_word' id='word_1_256' title='bbox 283 2627 323 2660; x_wconf 82' lang='lat' dir='ltr'>me</span> <span class='ocrx_word' id='word_1_257' title='bbox 331 2614 407 2673; x_wconf 81' lang='lat' dir='ltr'>alieni,</span> <span class='ocrx_word' id='word_1_258' title='bbox 416 2622 440 2662; x_wconf 85' lang='lat' dir='ltr'>et</span> <span class='ocrx_word' id='word_1_259' title='bbox 450 2614 494 2664; x_wconf 89' lang='lat' dir='ltr'>tibi</span> <span class='ocrx_word' id='word_1_260' title='bbox 504 2611 649 2664; x_wconf 81' lang='lat' dir='ltr'>anricissimi.</span> <span class='ocrx_word' id='word_1_261' title='bbox 664 2607 742 2670; x_wconf 83' lang='lat' dir='ltr'>Quod</span> 
     </span>
     <span class='ocr_line' id='line_1_38' title="bbox 60 2676 753 2744; baseline 0.001 -21"><span class='ocrx_word' id='word_1_262' title='bbox 60 2691 110 2723; x_wconf 85' lang='lat' dir='ltr'>cum</span> <span class='ocrx_word' id='word_1_263' title='bbox 124 2676 158 2722; x_wconf 81' lang='lat' dir='ltr'>ita</span> <span class='ocrx_word' id='word_1_264' title='bbox 173 2676 210 2732; x_wconf 83' lang='lat' dir='ltr'>ait,</span> <span class='ocrx_word' id='word_1_265' title='bbox 227 2690 320 2736; x_wconf 69' lang='lat' dir='ltr'>magna</span> <span class='ocrx_word' id='word_1_266' title='bbox 333 2686 368 2726; x_wconf 84' lang='lat' dir='ltr'>est</span> <span class='ocrx_word' id='word_1_267' title='bbox 385 2687 466 2729; x_wconf 79' lang='lat' dir='ltr'>tamen</span> <span class='ocrx_word' id='word_1_268' title='bbox 481 2677 676 2744; x_wconf 74' lang='lat' dir='ltr'>deliberationis,</span> <span class='ocrx_word' id='word_1_269' title='bbox 695 2692 753 2742; x_wconf 71' lang='lat' dir='ltr'>qua</span> 
     </span>
    </p>

    <p class='ocr_par' dir='ltr' id='par_1_6' title="bbox 80 2738 578 2798">
     <span class='ocr_line' id='line_1_39' title="bbox 80 2738 578 2798; baseline 0.012 -20"><span class='ocrx_word' id='word_1_270' title='bbox 80 2738 182 2795; x_wconf 56' lang='lat' dir='ltr'>(hyrdh)</span> <span class='ocrx_word' id='word_1_271' title='bbox 194 2749 255 2784; x_wconf 70' lang='lat' dir='ltr'>rol„</span> <span class='ocrx_word' id='word_1_272' title='bbox 268 2751 287 2784; x_wconf 82' lang='lat'>1.</span> <span class='ocrx_word' id='word_1_273' title='bbox 558 2763 578 2798; x_wconf 64' lang='lat' dir='ltr'>K</span> 
     </span>
    </p>
   </div>
   <div class='ocr_carea' id='block_1_4' title="bbox 0 0 832 2948">
    <p class='ocr_par' dir='ltr' id='par_1_7' title="bbox 0 0 832 2948">
     <span class='ocr_line' id='line_1_40' title="bbox 0 0 832 2948; baseline 0 0"><span class='ocrx_word' id='word_1_274' title='bbox 0 0 832 2948; x_wconf 95' lang='lat' dir='ltr'> </span> 
     </span>
    </p>
   </div>
  </div>
 </body>
</html>
