1650 2948
88 168 119 216 68
205 165 255 215 ΑΙ)
271 165 448 217 DIVERSOS.
466 163 527 214 latu.
543 160 594 221 111.
612 164 642 212 8.·

92 294 199 344 Tandem
209 295 239 343 de
248 294 335 344 bellicis
345 294 467 357 provincia
477 295 546 342 rebus
556 292 628 353 sddit,
637 301 661 341 et
671 296 761 342 crebras

93 357 273 424 poseitliterss)
299 374 301 379 ·
495 372 499 377 ’

124 488 177 535 Etsi
189 489 314 551 (quantum
324 501 354 533 ex
364 486 410 532 tuis
419 486 491 532 literis
501 486 628 547 intelligere
638 476 715 548 potuit
726 486 762 533 vi.

92 551 184 608 (lebam,
196 560 219 597 te
228 551 288 597 hane
298 550 425 612 epistotam,
437 565 490 596 cum
499 550 529 596 ad
540 550 628 596 Urbem
639 565 707 605 esses,
714 565 764 598 esse

92 613 523 689 leetumm,pefrigerstujamlevissimo
529 612 762 690 sermooehominum

92 677 769 805 muirtemne

93 805 152 854 mihi
162 805 251 870 putavi,
268 813 296 853 ut
305 805 351 853 tuis
360 805 432 852 literis
445 805 509 852 brevi
526 804 692 867 responderem
717 805 763 854 Sed

94 870 170 934 primu
179 870 226 918 duo
235 869 310 932 sepita
324 869 425 932 epistolas
441 877 488 916 tute
501 868 570 916 tacita
582 867 641 916 mibi
651 868 765 932 quodam·

95 934 165 982 modo
171 932 320 1009 relinquds
326 941 387 981 sunt
404 932 473 980 Nihil
480 932 542 980 enim
550 932 645 990 habent,
654 933 718 995 quod
724 941 766 982 aut

96 997 217 1046 delinitum
225 1006 263 1054 srt,
274 1005 315 1044 aut
324 1005 421 1050 eertum
432 996 477 1044 nisi
486 1011 525 1043 me
535 997 602 1044 vultu
613 1005 636 1044 et
646 996 766 1045 taciturni·

96 1069 143 1108 tate
173 1060 179 1073 ’
250 1061 260 1078 ”
321 1060 364 1108 tibi
381 1074 428 1108 non
444 1075 492 1108 esse
507 1060 624 1116 amisumr
640 1058 712 1134 idque
723 1076 766 1125 pru

96 1125 158 1172 tribu
198 1124 204 1136 ⁸
225 1138 279 1171 eum
289 1122 378 1186 aliquid
387 1132 500 1187 ageretur,
514 1132 537 1172 et
547 1123 664 1172 nonnullis
674 1138 700 1171 m
711 1139 766 1173 oon.

96 1187 171 1244 viriis,
182 1187 280 1250 intelligi
288 1187 397 1251 potuisse.
420 1188 474 1236 Hoc
484 1195 559 1235 totum
575 1187 634 1235 nihil
644 1203 701 1245 esse,
712 1204 766 1252 pus·

96 1266 149 1299 sum
159 1250 299 1314 intelligere:
317 1251 365 1308 sed,
376 1265 430 1298 eum
441 1251 470 1298 sit
480 1251 547 1309 nihil,
559 1266 596 1311 ne,
608 1251 665 1314 quid
675 1250 766 1301 diostur

96 1314 199 1378 quidem,
210 1314 320 1378 intelligo.
339 1314 404 1362 Illud
413 1315 508 1379 quidem
515 1315 568 1374 seio,
577 1330 641 1363 meos
648 1317 735 1365 multos
743 1325 769 1367 et

96 1379 204 1436 illustres,
215 1387 239 1426 et
249 1394 278 1427 ex
289 1379 403 1442 superiore
417 1388 440 1427 et
454 1395 483 1427 ex
494 1393 560 1442 aquo
574 1380 633 1437 loeo,
649 1395 765 1430 sermones

95 1442 186 1490 habitos
196 1458 251 1491 eum
261 1442 303 1491 tut
312 1443 405 1491 summi
415 1443 492 1502 laude,
501 1453 524 1490 et
534 1458 588 1490 cum
597 1442 683 1506 magni
694 1443 765 1509 signi.

98 1506 202 1555 libatione
212 1515 295 1556 nostrae
305 1506 474 1566 familiaritatis,
484 1507 514 1555 ed
521 1516 544 1555 te
554 1523 606 1554 vere
648 1507 718 1556 tuisse
725 1509 766 1557 de·

96 1569 158 1619 ferri.
176 1572 248 1632 Nam,
260 1571 322 1636 quod
333 1571 362 1618 ad
372 1572 458 1634 legatos
469 1571 558 1629 attinet,
573 1571 614 1634 qui
639 1587 656 1619 a
665 1572 765 1621 mederi

96 1635 172 1698 potuit
188 1644 230 1683 aut
246 1635 371 1697 elegantius
384 1644 425 1682 eut
439 1636 532 1697 justius,
548 1650 620 1698 quam
633 1644 661 1682 ut
673 1638 769 1685 sumtus'

96 1699 293 1761 egentissimarum
309 1698 427 1746 civitatum
440 1700 576 1758 minuerem,
594 1698 644 1747 sine
658 1699 709 1747 ulls
720 1701 766 1748 im·

95 1762 225 1810 minutione
235 1762 352 1824 dignitatis
362 1771 416 1819 tuse,
432 1764 557 1825 praesertim
568 1763 623 1827 ipsis
634 1762 765 1813 civitatibus

96 1825 283 1888 postulantibus?
301 1825 365 1873 Nam
375 1826 434 1873 mihi
444 1835 519 1874 totum
530 1842 602 1890 genus
611 1827 764 1890 legationum,

96 1897 137 1937 tuo
147 1889 240 1937 nomine
250 1888 448 1952 proficiscentium,
458 1900 539 1939 notum
550 1906 596 1938 non
605 1900 659 1939 erat

127 1953 241 2016 Apameae
251 1968 305 2000 eum
316 1969 397 2012 essetn,
408 1955 536 2002 multarum
550 1955 669 2003 civitatum
678 1955 765 2020 prinei·

96 2032 136 2080 pes
146 2016 177 2064 sd
186 2031 225 2064 me
241 2017 380 2077 detulerunt,
394 2027 484 2066 sumtus
498 2019 588 2066 deoerni
602 2020 685 2082 legatis
696 2020 766 2069 nimis

97 2095 202 2190 magnos,
210 2096 264 2128 eum
275 2082 382 2130 solvendo
392 2082 493 2130 civitates
503 2097 549 2130 non
560 2090 641 2130 essent·
663 2084 713 2133 Hie
723 2099 767 2148 ego

98 2159 140 2191 mu
150 2152 174 2191 ts
190 2144 261 2192 simul
275 2145 386 2208 eogitari:
404 2147 507 2209 primum
525 2155 556 2205 te,
573 2147 700 2207 bominem,
719 2163 767 2196 non

97 2208 173 2256 solum
184 2209 318 2272 sapientem,
329 2225 410 2257 verum
424 2210 494 2257 etism
509 2215 548 2264 (ut
560 2225 622 2258 nune
638 2208 767 2275 loquimui)

97 2273 222 2329 urbanum,
233 2286 280 2319 non
291 2273 417 2321 arbitrabor
427 2289 508 2337 genere
520 2274 564 2322 isto
574 2275 716 2338 legationum
727 2275 768 2324 de-

97 2335 192 2384 lectari:
209 2335 279 2410 idque
297 2351 336 2384 me
354 2338 450 2386 arbitror
464 2339 578 2402 Synnadis
596 2355 639 2402 pro
656 2339 767 2388 tribunali

97 2399 178 2448 multis
188 2401 262 2447 verbis
272 2399 436 2464 disputavisse:
454 2402 565 2466 primum,
574 2402 599 2450 A
633 2403 683 2450 ium
695 2403 768 2451 Cluu-

98 2463 163 2512 dium
172 2464 262 2512 senatui
270 2466 403 2528 populoque
410 2467 526 2525 Romano,
538 2482 585 2514 non
626 2467 766 2530 yndensium

98 2528 235 2588 testimonio,
246 2528 283 2582 (in
293 2529 321 2576 eri
331 2530 393 2578 enim
403 2531 493 2579 civitate
502 2531 588 2578 mentio
598 2529 659 2578 facta
670 2541 715 2589 est)
727 2531 767 2580 sed

84 2592 130 2639 sud
146 2603 240 2658 sponte,
258 2610 307 2644 esse
323 2594 461 2644 laudatum:
478 2595 559 2643 deinde
572 2610 611 2642 me
627 2595 671 2642 ista
684 2595 767 2643 vidisse

74 2655 165 2706 rnuItr's
174 2660 291 2721 accidere,
304 2670 335 2711 ut
345 2678 430 2711 sorum
447 2660 520 2711 oausb
527 2658 656 2724 legationes
666 2659 773 2706 Romam

67 2717 199 2783 Misenis·
219 2729 263 2778 sed
274 2729 317 2780 his
328 2728 495 2796 legationibus
504 2740 554 2775 nun
563 2723 700 2773 merentium
707 2722 789 2768 ullum
