1650 2948
188 171 240 220 AD
256 173 433 222 DIVERSOS.
452 174 511 218 Lm.

118 302 223 359 Persam,
232 302 251 348 si
261 303 358 348 minima
369 311 478 348 causaest
488 318 531 364 pro¹

85 367 148 429 quod
160 377 182 414 te
194 367 278 425 videre,
295 375 318 412 et
330 366 408 412 omnia
421 366 504 413 intima
518 382 534 414 n

86 432 171 478 Habeo
189 439 276 490 autem,
290 445 361 492 quam
379 430 470 477 multa!
496 430 538 477 Hu

85 496 144 543 solet
155 494 215 553 fleri)
230 509 267 553 ue,
279 509 333 542 cum
344 502 367 541 te
377 493 463 552 videro,
477 495 541 542 omni

84 567 164 607 tamen
179 557 297 622 quodnam
310 560 340 605 ob
350 558 440 606 aoelus
433 567 476 606 tter
485 558 544 605 mihi

85 630 122 671 tro
134 622 165 670 ad
174 623 251 685 Alpes
265 637 343 669 versus
357 621 453 670 incidit?
475 622 551 682 Adeo,

85 687 111 735 ιιι
129 686 199 734 armis
218 693 280 744 sunt,
299 700 373 748 neque
385 685 414 733 de
428 687 514 748 magni
531 702 555 734 ca

86 765 157 799 rema
174 750 297 810 Demetrii,
315 751 356 813 qui
371 750 470 798 ibicum
483 751 558 813 praesit

85 815 146 862 tium
162 814 297 877 quemdam,
314 813 415 861 nobilem
429 814 477 861 illic
492 815 563 861 Castu

86 879 200 927 contraria
208 878 305 926 factione
315 878 418 924 nummis
428 880 534 941 acceptis,
546 893 567 925 ct

86 943 246 1006 strangulavit.
268 941 353 989 Civitas
364 942 394 989 ad
408 958 473 989 anna
486 943 520 989 iit.
543 941 571 989 Ει

87 1007 219 1056 cohortibus
236 1005 294 1053 mihi
310 1023 351 1068 per
366 1006 429 1054 nives
442 1006 545 1054 eundum
558 1022 575 1054 a

104 1087 143 1130 u‚e
155 1071 254 1134 inquies,
262 1086 287 1117 se
297 1070 397 1117 Domitii
408 1071 469 1117 male
480 1071 542 1118 dant
560 1071 577 1118 ι

87 1088 181 1184 venere
191 1145 316 1198 prognatus
331 1143 422 1182 tantum
437 1135 508 1183 animi
520 1136 583 1183 habu

87 1199 203 1258 Domitio,
214 1207 328 1261 qnantum
337 1199 436 1247 Psecade
446 1208 514 1248 natus
524 1200 549 1247 in
559 1200 587 1247 ho

86 1263 202 1313 ceroniF.
214 1265 238 1310 S
249 1263 281 1310 D.

85 1480 90 1488 ·
126 1460 196 1520 (16.)
213 1456 251 1506 Μ.
267 1457 400 1508 COELIUS
417 1459 455 1506 Μ.
470 1458 604 1508 CICERO.

121 1589 317 1650 (Argumentum,
324 1589 437 1636 -Pulso
450 1604 480 1636 cx
494 1586 563 1635 Italia
575 1588 610 1634 Po

88 1653 129 1702 det
140 1653 244 1702 Ciceroni
254 1653 347 1711 Coelius,
357 1669 386 1702 ue
392 1653 500 1700 afflictam
509 1651 616 1699 fortunat]

88 1718 244 1782 consistitque,
256 1726 283 1765 ιιι
294 1733 317 1765 se
328 1717 352 1764 in
363 1718 465 1781 aliquam
476 1717 558 1764 urbem
568 1732 583 1764 a
592 1717 620 1764 be

88 1782 203 1846 recipiat.)

87 1934 92 1941 ·
124 1910 280 1958 Exanimatus
291 1925 343 1958 sum
353 1910 399 1958 tuis
409 1909 479 1958 literis
488 1926 496 1966 ς
514 1910 598 1973 quibua
612 1917 620 1956 t

91 1973 158 2022 triste
169 1975 267 2036 cogitare
278 1974 409 2029 ostendisti:
427 1989 510 2037 neque,
526 1975 549 2021 id
561 1973 618 2037 quid

91 2039 217 2102 scripsisti;
234 2054 309 2102 neque
319 2053 365 2085 non
377 2046 463 2096 tamen,
475 2038 615 2101 qualeesset,

95 2112 160 2160 mres,
172 2103 287 2166 aperuisti
311 2103 362 2149 Has
373 2102 434 2149 illico
445 2102 474 2148 ad
490 2111 513 2150 te
523 2102 599 2150 literas
610 2117 620 2149 ι

98 2166 196 2215 ¹'ortunas
213 2177 273 2226 tuas,
289 2167 376 2223 Cicero,
391 2182 432 2229 per
449 2167 540 2224 liberos,
555 2181 620 2225 οιο,

103 2230 151 2279 uid
161 2231 252 2293 gravius
265 2231 294 2278 de
304 2231 377 2278 salute
388 2239 410 2278 et
420 2230 576 2278 incolumitate
587 2231 620 2278 tui

109 2310 150 2343 arn
160 2295 223 2342 Deos
235 2295 393 2358 hominesque,
408 2295 579 2369 amicitiamque
592 2310 620 2342 no

113 2358 177 2418 ficor,
189 2375 227 2407 me
241 2375 317 2434 neque
330 2367 415 2406 temere
429 2357 472 2407 tibi
486 2359 620 2423 praedixisse

119 2438 157 2471 ere
171 2423 302 2479 monuisse3
319 2423 367 2482 sed,
376 2432 507 2500 'postquam
524 2425 620 2472 Caesarer

120 2502 148 2547 ιι,
163 2488 346 2550 sententiamque
360 2489 419 2549 ejus,
435 2489 510 2551 qualis
524 2487 603 2535 futura
616 2505 620 2534 ι

124 2552 197 2611 toris,
208 2552 362 2615 cognoverim,
371 2561 394 2600 te
404 2553 521 2600 certiorem
532 2551 616 2600 fecisse.

127 2616 152 2667 si
162 2617 287 2675 existimas,
296 2615 401 2664 eamdem
414 2616 524 2664 rationem
537 2616 586 2664 lore
597 2617 620 2663 Cr

132 2680 210 2729 ιοιιιιιι
220 2680 362 2744 adversariis,
370 2688 394 2731 et
403 2679 577 2732 munitissimus
584 2678 620 2727 lar

137 2747 225 2809 opor.)
238 2760 304 2797 vor..
318 2762 338 2797 1.
598 2757 618 2792 u
