1650 2948
107 144 152 191 loe
216 144 267 194 AI)
285 144 461 194 DIVERSOS.
479 145 539 194 lun.
556 144 603 194 lv.
622 145 660 193 le.

103 288 157 320 eum
174 275 296 336 sepulture
315 276 374 322 intra
390 278 471 323 urbem
491 282 519 322 ut
536 273 625 332 darerrt,
648 274 765 336 impetrare

102 351 149 385 non
160 339 233 401 potui,
244 339 307 402 quod
318 339 425 401 religione
441 355 465 386 se
477 338 583 401 impediri
596 338 710 386 dicerem:
728 351 766 384 ne·

103 417 149 464 que
162 410 242 476 tamen
259 403 283 477 iel
300 411 371 477 untes⁸
384 403 493 465 cuiquam
510 411 681 476 concesserant·
697 400 766 459 Quod

102 481 235 528 proximum
246 466 298 524 furt,
309 477 353 524 utr,
364 483 444 529 inquo
455 468 565 515 vellemus
575 482 705 529 gymnasio,
714 479 766 512 eum

103 530 257 591 sepeliremus,
269 532 334 578 nobis
351 531 510 593 permiserunt
528 533 552 578 N
554 547 578 578 os
589 532 614 578 in
627 529 766 604 nobilissime

102 594 162 640 orbis
176 603 288 668 terrarum
306 595 425 659 gymnasio
442 595 576 670 {londonie
592 596 670 642 locum
683 594 767 656 delegi

102 671 164 779 lli:
175 660 769 773 litigiosissimi&

102 792 154 833 tum
171 787 192 834 ei
208 802 364 862 marmoreum
379 787 509 836 faciendum
520 788 633 862 ¹loeorent.
649 786 768 862 ⁸Imque

102 851 436 965 immittitis?
443 852 767 978 etlsssetilpltlb

102 994 138 1041 pr.
149 980 200 1028 Cal.
211 981 270 1028 Jun.
281 981 388 1028 Athenis.
762 978 766 992 ’

26 1188 28 1192 -
101 1165 171 1230 (13.)
190 1167 269 1215 uu.
283 1168 310 1216 c.
327 1171 351 1216 s.
364 1169 397 1216 n.
422 1171 450 1217 Ρ.
468 1152 612 1219 u1o1n1o
629 1169 767 1221 vrouno.

134 1296 329 1359 (Argumentum.
343 1327 377 1338 -
388 1297 542 1345 Exsulontem
557 1297 680 1360 Nigidium
691 1312 769 1347 euneo-

100 1360 169 1419 latur,
189 1371 303 1423 quantum
321 1369 403 1423 potest,
423 1361 464 1425 qui
481 1363 505 1409 in
528 1361 608 1410 eidem
626 1361 697 1411 eust
714 1362 767 1409 fuit.

100 1425 171 1486 Spem
191 1434 268 1473 tumen
284 1424 358 1472 futuri
375 1425 459 1473 reilitlss
478 1442 507 1474 ex
524 1427 590 1474 certis
609 1426 680 1489 signis
697 1426 766 1482 feeite

101 1488 235 1537 uenditionis
257 1489 359 1553 pristine
385 1489 458 1538 fecere
486 1505 533 1538 non
553 1499 636 1554 potest.
664 1490 767 1554 Ideoque

102 1562 224 1618 utrunque
234 1554 350 1602 fortunam
361 1569 390 1602 ex
401 1570 468 1617 oequo
478 1554 595 1604 ferendam
605 1553 731 1615 hortensi.)

132 1682 252 1742 Quaerenti
268 1683 326 1730 mihi
343 1682 443 1742 jamdiu,
461 1683 518 1745 quid
532 1682 563 1730 ad
581 1691 604 1731 te
620 1683 767 1746 potissimum

99 1746 229 1804 scriberem,
241 1761 288 1793 non
302 1746 371 1792 modo
384 1755 444 1794 certa
457 1762 494 1794 res
508 1749 581 1805 nullo,
597 1747 638 1795 sed
651 1762 682 1794 ne
692 1762 767 1810 genus

115 1810 193 1856 uitlem
211 1809 328 1857 literamm
345 1809 467 1868 usitatum,
489 1812 594 1859 veniebat
612 1811 637 1859 in
654 1821 765 1863 mentem.

124 1888 179 1920 nem
189 1872 252 1920 enim
262 1882 351 1936 partem
361 1883 384 1920 et
394 1875 582 1923 eonsuetudinem
593 1891 672 1923 esrum
684 1876 767 1939 episto·

98 1936 185 1997 lsrum,
192 1937 285 2000 quibus,
294 1938 398 1985 secundis
404 1939 480 1998 rebus,
489 1939 524 1986 uti
531 1940 667 1999 solebamus,
677 1947 769 2003 tempus

98 2001 225 2064 eripuerat:
242 2001 411 2066 perfeoeratque
427 2002 528 2063 fortune,
539 2019 569 2051 ne
586 2003 701 2066 quiduis
711 2004 767 2055 seri·

97 2065 151 2115 bere
167 2082 265 2128 possem,
283 2076 324 2115 eut
343 2067 437 2114 omnino
455 2067 562 2129 cogitare.
581 2067 767 2131 Relinquebatur

96 2128 160 2178 triste
169 2130 287 2193 quoddam
302 2139 325 2178 et
339 2131 457 2188 misemm,
471 2133 542 2179 ethis
556 2132 699 2194 temporibus
711 2147 766 2186 oon-

96 2201 240 2255 emensum,
256 2211 329 2258 genus
344 2195 471 2243 literarum.
489 2196 520 2243 Id
536 2212 630 2271 quoque
646 2196 766 2245 deficiebat

96 2273 151 2315 mee
168 2258 193 2306 in
209 2275 257 2322 quo
271 2260 368 2308 debebat
382 2275 429 2308 esse
443 2268 484 2307 sut
496 2261 616 2323 promissio
631 2261 714 2309 auxilii
723 2261 766 2311 eli-

95 2323 171 2383 eujus,
183 2330 230 2371 'eut
243 2324 367 2372 oonsolstio
384 2324 468 2373 doloris
485 2325 528 2372 tui.
547 2324 618 2384 Quod
637 2325 764 2390 pollicerer,

95 2400 143 2434 non
153 2395 208 2435 eret.
226 2386 280 2450 Ipse
296 2388 367 2446 enim,
380 2389 430 2450 pari
440 2389 534 2436 fortuni
544 2391 654 2450 abjectus,
665 2390 764 2441 eliorum

97 2451 180 2515 opibus
197 2467 262 2501 ossus
280 2466 342 2499 meos
363 2454 535 2509 sustentebnns
555 2454 683 2518 sepiusque
704 2453 763 2502 mihi

96 2516 201 2564 veniebat
215 2516 240 2564 in
258 2524 359 2572 mentem
369 2518 443 2579 queri,
455 2517 518 2580 quod
531 2518 565 2566 iu
574 2519 684 2578 viverem,
695 2533 766 2582 quesn

86 2580 277 2647 laudemquod
288 2581 395 2630 viverem.
571 2632 573 2637 ,

112 2646 272 2716 Quamquam
292 2647 356 2699 enim
374 2646 443 2696 nulls
457 2646 589 2708 meipsum
602 2646 713 2708 priv-etim
721 2663 761 2707 pe-
