1650 2948
186 148 237 200 A'D
254 144 431 202 DIVERSOS.
452 154 512 201 Iun.
524 153 584 201 VII.
601 156 624 201 8.
694 159 738 205 185

65 287 99 333 Et
115 285 162 342 isse,
174 298 228 330 cum
240 284 314 329 omnis
328 284 456 344 respublica
467 284 490 329 in
502 299 554 329 mcc
570 285 643 347 capite
660 286 737 333 discti.

65 365 120 397 men
137 357 196 396 esset
214 348 330 405 habitura,
346 363 459 409 ntagnum
478 349 590 410 quiddam
611 352 736 411 spectavit3

65 430 108 462 nec
118 414 161 461 sui
176 421 265 475 sponte,
284 411 324 458 sed
341 427 421 458 eorum
435 413 531 470 auxilio,
549 414 591 476 qui
607 428 646 461 me
662 423 737 464 ataute

65 487 126 526 atate
140 492 187 524 non
204 482 323 540 poterant:
341 476 379 523 hic
394 475 505 536 simiolus,
517 477 590 524 animi
600 477 678 538 causi,
688 493 737 541 mo,

64 543 90 590 in
100 557 172 605 quem
182 540 336 600 inveheretur,
344 540 474 602 delegerut3
485 542 737 606 periuaaeratquenon.

64 607 137 654 nullis
153 605 237 653 invidis
256 604 322 663 meis,
342 620 367 652 se
382 603 408 650 in
425 619 464 652 me
480 605 624 654 emissarium
645 622 736 672 temper

63 670 121 719 fore.

63 749 68 755 ·
96 736 266 794 Quamobrem,
277 733 344 780 valde
352 733 424 793 jubeo
434 734 533 796 gaudere
543 742 573 782 te.
597 735 734 800 Magnam

62 809 129 864 gesta
150 809 190 847 esa
219 800 349 861 Nunquam
366 798 411 844 ulli
426 798 530 846 fortiores
550 799 609 847 cives
630 801 734 862 fuerunt,

63 879 136 929 quum
148 864 189 927 qui
200 862 249 910 ausi
264 870 318 909 suut
332 875 396 921 eum,
407 871 486 910 coum
501 871 576 911 tantm
591 879 646 928 opee
660 867 710 926 ejua
720 883 736 914 a

62 945 111 1005 quo
129 929 174 992 ipsi
190 927 243 975 lecti
256 926 344 988 judices
359 935 432 982 erant,
446 927 609 976 condemnare:
627 930 690 993 quod
700 930 735 978 fc·

61 1002 146 1042 crosent
156 1005 292 1054 uunquam,
303 991 347 1038 nisi
357 990 386 1037 iia
396 990 469 1038 dolori
484 1007 550 1039 meua
565 992 645 1041 fuisset
656 994 732 1042 dolor.

63 1059 116 1106 Noa
135 1058 175 1105 hic
192 1055 341 1103 multitudine
358 1064 381 1102 et
398 1055 528 1104 celebritate
543 1057 692 1118 judiciorum,
710 1067 734 1106 et

60 1123 128 1171 novis
138 1122 238 1186 legibus,
251 1121 285 1167 ita
300 1119 443 1180 distinemur,
459 1129 486 1168 ut
499 1121 601 1184 quotidie
614 1131 667 1170 vota
677 1123 733 1170 faci-

60 1197 138 1247 amus',
155 1201 185 1234 ne
201 1185 355 1245 intercaletur,
367 1193 394 1232 ut
410 1199 481 1249 quam
496 1185 599 1248 primum
616 1195 639 1235 te
656 1187 733 1236 videta

57 1252 182 1316 poaeiruuc
200 1251 267 1302 Vale.
378 1274 380 1280 ·

57 1458 60 1467 ·
132 1441 187 1509 (3.)
204 1443 241 1492 M.
254 1443 381 1493 CICERO
398 1443 568 1493 M.MA1t10
584 1444 608 1492 S.
621 1443 653 1491 1).

91 1573 289 1640 (Argumentum.
295 1574 368 1622 -Ut
374 1573 497 1622 discessum
506 1588 575 1622 sumn
582 1584 596 1621 a
602 1572 663 1622 civili
669 1572 731 1621 bello

58 1647 111 1701 poet
124 1654 229 1702 pugnam
240 1638 396 1686 Pharsalicam
413 1647 539 1699 excusaret,
556 1653 626 1702 quem
640 1638 731 1700 vitupe,

58 1711 145 1750 ratores
160 1703 369 1767 reprehendebaut3
386 1708 566 1751 tctam'causam
582 1702 638 1750 belli
653 1715 731 1750 recen·

58 1769 101 1827 oet,
113 1775 141 1814 ut
152 1776 269 1837 appareat,
281 1768 365 1832 quibua
375 1767 487 1816 adductus
501 1768 635 1826 rationibus,
651 1783 666 1814 a
675 1781 730 1814 con·

56 1832 172 1958 {Tantis
179 1833 240 1880 bello
250 1831 392 1880 abstinuerit
407 1833 496 1896 Scripta
505 1841 558 1896 post
568 1832 656 1881 bellum
662 1830 729 1879 Atri-

101 1912 150 1944 um.

61 2038 65 2043 ·
91 2026 199 2089 Persepe
208 2024 276 2084 mihi,
287 2026 396 2089 cogitanti
406 2026 435 2073 de
451 2027 613 2077 communibus
621 2025 728 2084 miseriis,

56 2091 81 2138 in
94 2090 180 2154 quibus
191 2098 225 2137 tot
235 2104 307 2137 anuos
317 2105 443 2153 versamur,
459 2101 482 2140 et
493 2094 532 2156 (ut
541 2089 618 2152 video)
629 2090 730 2138 vacabi-

55 2171 120 2212 mur,
139 2155 196 2202 colet
212 2153 238 2200 in
252 2163 354 2202 mentam
369 2155 446 2205 venire
464 2158 526 2204 illiue
545 2155 661 2219 temporis,
680 2169 729 2218 quo

56 2220 164 2284 proxime
176 2219 265 2266 fuimus
277 2219 339 2266 uui:
358 2220 500 2283 quinetiam
516 2221 593 2284 ipsum
606 2220 667 2267 diem
678 2234 729 2266 me·

56 2284 133 2332 motii.
144 2292 217 2331 teneo.
245 2284 310 2330 Nam
321 2300 342 2331 a.
358 2284 382 2331 d.
394 2285 437 2333 III
460 2287 517 2334 Idus
527 2284 613 2344 Maiae,
625 2285 728 2331 lentulo

57 2357 80 2396 et
92 2348 354 2406 Marcelloconaulibus‚
363 2365 416 2396 cum
426 2351 450 2398 in
462 2349 630 2413 Pompeianum
639 2348 728 2411 vesperi

56 2412 181 2472 venisseut,
192 2420 219 2459 tu
233 2412 292 2459 mihi
302 2413 398 2461 sollicito
408 2415 486 2462 unirtro
495 2423 578 2478 praeeto
587 2413 660 2473 iuiati.
678 2412 729 2460 Sol·

56 2477 238 2530 flammantem
249 2485 272 2523 te
281 2477 382 2525 habeba
398 2478 503 2542 cogimu
519 2488 570 2526 tum
587 2477 663 2536 officii,
676 2485 727 2523 tum

56 2541 128 2590 etiam
139 2541 236 2606 periculi
247 2542 301 2591 mei.
317 2542 342 2590 Si
357 2557 473 2592 manerem
483 2544 509 2590 in
523 2543 602 2600 latu,
613 2543 728 2600 verebare,

56 2621 88 2654 ne
98 2605 173 2655 officio
186 2605 304 2655 deessema
322 2606 342 2664 si
356 2607 509 2671 profifflcerer
521 2606 739 2678 acceium&-

57 2671 138 2720 culum
147 2679 171 2720 te
180 2685 260 2720 meam
279 2675 455 2726 cotumoaebat.
477 2673 540 2735 Quo
547 2680 661 2785 taguma
672 2666 761 2713 *iffi

547 2753 570 2786 u
