1650 2948
186 144 237 192 AD
254 145 429 196 1111711118θὸΙ
449 148 508 195 Iun.
522 148 580 195 vn.
598 151 622 195 9.
698 147 740 192 1111

74 274 269 331 liberalissimum,
286 285 376 322 aetatern
392 278 617 339 opportunissimam,
629 288 745 321 commen-

75 338 191 384 dationem
204 349 263 386 certe
274 341 422 401 singularem,
437 343 521 395 habes;
537 350 563 386 ut
578 341 620 386 tibi
632 354 704 384 unum
717 337 754 383 ti-·

76 403 189 450 mendum
197 404 235 462 sit,
244 419 273 450 ne
281 405 331 466 ipsc
342 405 383 452 tibi
392 405 489 453 defuisse
500 406 596 453 videare
614 403 681 451 Vale.

208 595 260 654 (a.)
278 593 406 643 cronno
422 594 613 644 ruuuurro.

109 724 304 784 (Argumentum.
312 723 387 771 -Ex
393 724 490 772 Cesans
497 724 568 770 literis
576 733 599 771 et
606 722 647 772 sui
654 737 747 786 respon.-

78 788 140 835 sione
159 797 252 844 narrat;
270 797 293 836 et
310 789 413 836 modeste
434 788 579 851 reprehendit
601 788 747 846 Trebatium,

78 851 140 915 quod
151 853 295 901 tribunatum
305 853 460 911 recusaverit)

109 981 207 1044 Scripsit
223 981 254 1029 ad
271 998 310 1030 me
321 981 398 1031 Caesar
412 981 594 1046 perhumaniter,
612 972 751 1044 nondumte

78 1045 121 1092 sibi
137 1045 192 1092 satis
208 1062 255 1093 esse
265 1047 402 1094 familiarem
412 1056 505 1109 propter
514 1045 673 1108 occupationes
688 1062 749 1103 suas,

79 1109 118 1156 sed
127 1119 190 1157 certo
197 1110 251 1157 fore.
276 1111 322 1158 Cui
329 1110 423 1175 quidem
433 1126 475 1174 ego
482 1111 593 1174 rescripsi,
611 1126 682 1174 quam
691 1111 750 1168 mihi

79 1182 172 1236 gratum
183 1183 242 1222 esset
251 1174 366 1235 futurum,
380 1175 399 1223 si
413 1191 483 1238 quam
494 1175 623 1238 plurimum
633 1176 657 1223 in
668 1184 691 1222 te
702 1184 751 1222 stu-

80 1237 119 1297 dii,
132 1238 210 1296 officii,
221 1237 363 1287 liberalitatis
373 1255 429 1298 auae,
441 1239 578 1287 contulisset.
607 1240 652 1288 Sed
663 1255 692 1286 ex
704 1240 750 1287 tuis

80 1301 150 1350 literis
167 1303 264 1365 cognovi
273 1318 441 1379 praeproperam
452 1303 618 1351 festinationem
630 1312 711 1359 uam,
728 1312 751 1349 et

81 1366 150 1414 sinrul
157 1383 210 1414 sum
219 1367 353 1427 admiratus,
363 1384 404 1415 cur
411 1368 539 1415 tribunatus
548 1367 677 1425 commoda,
686 1367 751 1414 dem-

81 1438 104 1478 to
121 1432 249 1494 praesertim
266 1432 344 1480 labore
364 1432 462 1491 militia,
484 1431 635 1479 contemseris.
660 1432 752 1489 Querar

82 1511 135 1542 curn
147 1495 249 1544 Vacerra
260 1506 283 1543 et
291 1496 404 1544 Manilio:
423 1511 478 1543 nam
491 1494 597 1544 Cornelio
608 1495 668 1541 nihil
679 1493 752 1541 audeo

83 1558 164 1615 dicere,
177 1560 242 1619 cujus
254 1568 279 1607 tu
290 1562 390 1623 periculo
401 1561 485 1607 stultus
496 1576 529 1618 es,
538 1574 592 1605 cum
603 1567 626 1605 te
636 1561 665 1605 ab
678 1573 704 1604 eo
716 1573 753 1604 aa·

83 1639 135 1686 pere
146 1624 252 1672 didicisse
262 1625 381 1687 profiteris.
405 1625 470 1683 Quin
485 1634 511 1672 tu
522 1639 590 1685 urges
604 1624 672 1669 istam
688 1636 753 1685 occa7

84 1688 170 1735 sionem
182 1698 204 1735 et
215 1689 355 1747 facultatem,
368 1688 414 1752 qui
429 1690 510 1736 melior
524 1701 645 1749 nunquam
657 1685 754 1748 reperie-

85 1755 140 1801 tur?
159 1752 230 1810 Quod
241 1753 319 1801 scribis
328 1754 356 1801 de
367 1754 407 1800 illo
418 1754 529 1803 Preciano
535 1751 699 1813 jureconsulto,
712 1765 755 1812 ego

86 1824 107 1863 te
118 1816 192 1864 einon
201 1816 279 1864 desino
288 1818 454 1865 commendare.
470 1817 554 1866 Scribit
561 1817 623 1863 enim
631 1816 680 1879 ipse
685 1814 753 1873 mihi,

86 1888 107 1927 te
118 1881 163 1928 sibi
169 1881 253 1944 gratias
265 1898 331 1944 agere
342 1882 429 1929 debera
447 1881 485 1929 De
496 1898 523 1929 eo
534 1881 591 1945 quid
602 1881 640 1940 sit,
652 1896 715 1938 cura,
726 1888 754 1926 ut

87 1945 163 1992 sciam.
174 1945 228 2008 Ego
239 1955 324 1994 vestras
329 1946 406 1993 literas
412 1946 556 1993 Britarmicas
564 1953 677 2008 exspecto.
686 1943 754 1992 Vale.

195 2137 248 2200 (9.)
265 2137 303 2186 Μ.
315 2138 443 2188 CICERO
460 2137 651 2187 TREBATIO.

122 2268 319 2331 (Argumentum.
326 2265 497 2316 -Literarum
511 2267 611 2315 officium
622 2285 637 2316 a
646 2267 757 2315 Trebatio

89 2332 186 2458 pplquirig
193 2349 200 2379 z
217 2343 297 2380 monet
314 2348 344 2380 ne
361 2332 460 2380 reditum
475 2333 500 2379 in
511 2333 600 2380 Urbem
614 2345 758 2395 praepropere

118 2405 173 2460 prat.

121 2525 221 2572 «Iamdiu
242 2524 330 2588 ignoro,
348 2526 488 2590 quidagasr
510 2525 568 2573 nihil
585 2524 646 2572 enim
664 2519 757 2569 scribis:

90 2604 165 2652 neque
175 2605 218 2652 ego
238 2589 268 2636 ad
287 2599 310 2637 ts
326 2589 363 2637 his
381 2590 471 2638 duobus
485 2590 603 2637 mensibus
617 2585 761 2656 scripseram.

90 2653 155 2711 Quia
164 2669 219 2703 “um
231 2653 329 2716 Quinto,
344 2654 489 2717 fratremeo,
504 2670 556 2703 non
565 2668 630 2714 eras,
637 2653 780 2716 quomm-
