1650 2948
184 154 234 202 An
251 151 428 203 DrvnRsos.
447 153 506 199 Lrn.
527 151 572 199 Vl.
592 147 628 197 15.
697 151 744 205 173

74 292 98 330 te
109 297 200 346 semper
211 284 312 330 maxime
320 283 398 341 dilexi,
406 292 457 328 tum
467 281 565 326 fratrum
575 289 667 327 tuorum
676 282 744 342 (quos

74 363 141 409 aeque
153 357 222 421 atque
233 358 256 395 te
268 348 360 395 summi
371 344 525 393 benevolentiis
537 360 588 391 sum
600 345 743 406 complexus)

73 412 199 523 {ltili-⁵
209 411 522 538 ‘'i‘mffllilifflll
531 409 675 536 iiiiii}
684 410 744 536 tl·

75 539 210 588 termittere.
253 538 289 600 ed,
304 556 356 603 quae
368 538 450 586 faciam
466 537 604 602 fecerimque
614 553 657 601 pro
667 545 699 596 te,
714 553 743 585 ex

74 601 171 666 illorum
181 613 205 652 te
217 604 298 662 literis,
316 618 386 668 quam
401 619 430 651 ex
443 603 509 661 meis,
524 603 586 650 malo
602 617 742 664 cognoscere.

75 665 151 726 Quia,
162 677 240 717 autem
259 684 355 732 sperem,
368 675 410 715 aut
422 666 543 726 confidam,
562 675 584 714 et
598 666 744 730 exploratum
759 710 763 717 .

75 730 177 780 habeam
190 732 220 780 (le
235 733 309 782 salute
323 731 372 790 tui,
384 730 408 778 id
422 731 465 778 tibi
480 747 495 777 a
511 745 550 778 me
564 728 673 777 declarari
683 731 743 778 volo.

76 793 152 854 Nam,
167 797 250 861 siquis
265 805 299 845 est
313 795 407 844 timidus
424 795 449 842 in
462 794 553 857 magnis
567 794 745 858 periculosisque

76 860 155 920 rebus,
166 877 302 925 semperque
316 860 391 924 magis
403 859 508 908 adversos
520 873 598 906 rerum
611 859 686 906 exitus
696 873 745 906 me·
803 878 813 893 ··

76 930 153 984 tuens,
171 940 243 989 qnam
260 941 352 989 sperans
369 922 518 983 secundos,is
534 937 577 985 ego
594 937 662 970 snmr
680 921 745 982 et‚¹si

75 976 120 1036 lroc
130 988 214 1037 vitium
225 998 266 1051 est,
278 1006 305 1038 eo
315 1005 354 1037 me
363 1003 410 1036 non
418 1003 492 1036 carere
502 987 616 1035 confiteor.

110 1051 165 1116 Ego
174 1053 238 1102 idem
254 1063 340 1114 tamen,
356 1068 418 1112 cum,
430 1069 452 1101 o.
463 1053 487 1100 d.
497 1051 522 1101 V
534 1051 584 1100 Cal.
602 1049 745 1100 intercalares

76 1116 173 1179 priores,
190 1127 272 1181 rogatu
288 1118 385 1166 fratrum
400 1126 501 1177 tuorum,
512 1116 623 1164 venissem
637 1131 705 1162 mane
715 1115 746 1162 ad

77 1181 203 1242 Casuram,
223 1191 292 1246 atque
313 1196 406 1229 omnem
430 1180 529 1229 adeundi
550 1190 573 1228 et
597 1179 745 1228 conveniendi

77 1243 142 1293 illius
158 1246 320 1309 indignitatem
334 1255 357 1294 et
371 1245 499 1294 molestiam
513 1245 673 1308 pertulissem
690 1259 745 1291 cum

77 1308 161 1357 fratres
180 1319 203 1358 et
220 1309 344 1375 propinqui
362 1310 397 1357 tui
411 1306 511 1370 jacerent
527 1309 558 1356 ad
570 1310 647 1372 pedes,
662 1318 685 1356 et
703 1324 745 1371 ego

78 1389 153 1431 essem
163 1375 261 1436 locutus,
273 1391 326 1438 qnae
336 1389 411 1433 causa,
423 1390 476 1437 quse
485 1383 553 1422 tuum
563 1383 610 1421 tem
626 1389 654 1421 us
664 1382 746 1436 postn-

77 1434 159 1496 tahan
176 1453 224 1487 non
243 1439 319 1488 solum
336 1453 365 1485 ex
379 1439 480 1485 emtione
496 1437 591 1485 Cesaris
609 1389 673 1500 iqua
692 1452 747 1484 sane

78 1500 297 1563 moubenberalis
307 1501 373 1563 fitis),
384 1501 424 1550 sed
437 1500 506 1549 etiam
516 1514 545 1548 ex
555 1500 627 1548 oeulis
637 1508 660 1548 et
670 1500 745 1560 vultu,

79 1562 109 1614 'ex
125 1567 206 1614 multis
221 1576 330 1631 praterea
346 1565 424 1628 signis,
441 1567 505 1630 (quae
518 1564 608 1612 facilius
622 1563 747 1640 perspicere

78 1631 146 1694 potui
156 1647 228 1694 qnam
239 1632 344 1689 scribere)
354 1631 414 1678 hanc
428 1631 453 1678 iu
466 1629 597 1693 opinionem
610 1628 709 1688 discessi,
720 1636 747 1675 ut

79 1695 140 1748 mini
157 1704 198 1743 tua
217 1697 278 1744 salus
294 1696 365 1743 dubio
380 1710 426 1742 non
443 1703 507 1742 esset.
525 1693 692 1753 Quamobrem,
710 1692 747 1741 fac

80 1759 159 1807 animo
180 1775 266 1822 magno
281 1760 380 1823 fortique
393 1759 437 1806 sis:
457 1768 487 1818 et,
503 1760 523 1806 si
539 1758 693 1806 turbidissima
710 1773 747 1806 sa-

79 1820 170 1889 pienter
180 1823 277 1884 ferebas,
289 1823 446 1888 tranquilliora
455 1824 507 1872 laete
517 1823 582 1871 feras.
599 1823 652 1887 Ego
669 1831 746 1870 tamen

81 1888 128 1935 tuis
138 1889 207 1936 rebus
218 1889 249 1937 sic
266 1888 343 1948 adero,
358 1897 385 1934 ut
398 1887 553 1943 diffiessimisr
569 1903 645 1952 neque
662 1887 747 1936 Caesari

81 1952 166 2009 solum,
185 1952 225 2000 sed
242 1953 312 2001 etiem
327 1951 407 1999 amicis
424 1953 473 2012 ejus
490 1952 605 2011 omnibus,
635 1967 677 2000 uos
689 1951 748 1999 mihi

81 2016 230 2064 amicissimos
247 2033 296 2064 esse
312 2015 415 2079 cognovi,
430 2032 472 2080 pro
487 2024 509 2064 te
526 2015 595 2070 (sicut
650 2033 679 2066 uc
693 2017 746 2077 feci)

79 2070 229 2128 libentissime
239 2081 379 2145 supplicabo.
396 2081 463 2129 Vale.

210 2207 276 2272 (15.)
300 2208 428 2259 cronno
449 2207 576 2260 unsrun
593 2213 617 2261 s.

116 2337 311 2402 (Argumentum.
319 2339 548 2404 -Gratulationem,
555 2342 744 2402 benevolentiam,

82 2410 105 2461 et
114 2401 216 2450 officium
227 2403 345 2466 continet)

116 2531 172 2580 Tibi
182 2533 300 2595 gratulor:
317 2533 376 2581 mihi
381 2497 489 2596 partilem
506 2544 530 2583 te
540 2551 607 2585 amo:
621 2532 665 2582 'tna
675 2542 747 2581 tueor.

86 2595 111 2642 A
122 2604 144 2643 te
159 2596 241 2654 amari,
256 2607 279 2644 et
296 2598 352 2661 quid
366 2614 428 2662 agas,
442 2599 546 2665 quidque
562 2608 656 2663 agatur„
670 2598 754 2645 certior

86 2659 142 2722 fieri,
155 2661 210 2709 volo.
231 2661 295 2712 Vale.
564 2732 615 2783 αἶς
