1650 2948
116 386 166 433 208
220 382 272 431 An
288 383 466 435 Drvlinsos.
485 383 545 431 Irin.
558 381 620 430 v11.
639 383 682 439 ἥς,

115 527 171 561 cum
186 511 316 562 incidissem
332 512 438 562 incoeni
452 511 558 575 augurari
569 511 635 576 apud
648 510 785 570 lacerum,

116 583 181 624 mia
191 592 230 625 me
244 577 336 640 διαρῤοια
351 576 456 640 arripuit,
472 585 498 624 ut
512 575 582 624 hodie
595 576 702 639 primum
712 574 787 623 videa·

115 648 155 688 tur
172 641 266 717 cepisse
278 641 410 688 consistere.
433 642 472 688 Ins
488 655 539 704 ego,
556 640 599 704 qui
615 655 656 688 me
671 639 749 688 osnes
765 647 786 687 es

104 719 226 767 ,mursense
235 704 302 752 facile
312 704 465 761 abstinebam,
476 721 490 753 s
501 703 554 753 beti
564 713 608 752 etc
617 704 699 753 malvis
709 704 786 767 decep-

84 780 87 785 '
116 776 154 817 tus
164 785 224 816 sum.
241 767 339 816 Posthac
349 768 420 831 igitur
430 769 517 816 erimus
526 769 645 817 cautiores.
662 768 786 816 'lbrtnm

117 847 171 881 cum
181 832 283 880 audisses
294 834 323 880 cb
329 833 423 892 Anicio,
431 833 499 886 (vidit
507 833 569 881 enim
580 849 619 881 me
629 839 786 890 nauseantem)

118 909 165 944 non
183 896 252 944 modo
268 897 376 944 mittendi
397 912 490 945 earnem
506 899 595 958 justam
616 897 728 955 habuisti,
749 895 787 944 sed

117 960 187 1010 etiam
198 961 293 1009 visendi.
310 962 364 1025 Ego
373 962 413 1010 hic
423 961 498 1024 regin>
508 961 654 1020 commorari,
665 960 743 1025 quoad
751 974 787 1008 me

117 1025 233 1073 reficiam:
252 1041 307 1074 nam
317 1034 340 1074 et
348 1027 406 1075 vires
416 1034 440 1074 et
449 1040 532 1088 corpus
542 1025 617 1074 arrisi.
635 1025 719 1086 Sed,si
729 1039 787 1076 more

117 1090 176 1139 bum
186 1089 304 1155 depulero,
315 1091 382 1140 facile
392 1095 429 1145 (ut
439 1098 515 1154 spero)
523 1090 564 1138 ills
571 1089 691 1139 monebo.
707 1089 773 1140 Vale.

231 1286 299 1350 (27.)
317 1250 445 1337 cronno
463 1283 590 1334 csnno.
606 1286 632 1335 s.
643 1285 678 1334 D.

149 1411 479 1473 (Argumentum-Gallus
500 1409 570 1464 (clius
590 1410 695 1467 fortasse,
717 1423 785 1476 quem

116 1476 214 1534 Fabius)
229 1476 361 1525 Ciceronem
378 1476 449 1523 literis
466 1481 624 1533 accusaverat3
641 1489 713 1537 quem
725 1473 786 1522 sicis·

115 1541 162 1588 sim
172 1540 252 1589 Cicero
262 1540 334 1589 literis
344 1540 471 1605 repungib)

149 1669 234 1730 Miror,
246 1686 287 1718 cur
296 1686 335 1718 me
349 1684 449 1728 accuses,
466 1683 519 1717 cum
530 1668 573 1716 tibi
581 1667 608 1715 id
619 1666 695 1717 facere
703 1681 750 1716 non
759 1664 788 1715 li·

117 1744 181 1784 cent:
195 1735 374 1800 quodsilicerec,
382 1743 459 1784 temen
467 1748 513 1781 non
520 1733 627 1783 debebas.
640 1733 720 1796 “Ego
727 1732 787 1779 enim

117 1809 141 1848 se
151 1801 175 1848 in
186 1802 306 1849 wnsuictu
317 1798 487 1848 observabam?
503 1797 537 1845 Et
546 1797 588 1855 sis,
597 1797 654 1855 fore,
666 1806 694 1844 ut
704 1805 727 1845 te
737 1795 787 1844 Ce-

101 1913 104 1917 .
117 1880 155 1913 sar
165 1866 275 1913 restitues.
292 1864 372 1911 Multa
382 1872 408 1912 tu
420 1862 514 1926 quidem
522 1861 593 1909 dicis:
611 1862 651 1909 sed
662 1861 706 1909 tibi
720 1874 787 1908 nemc

7 1943 10 1949 ·
116 1929 195 1976 credin
212 1929 368 1977 Tribunatum
375 1926 450 1990 plebei
461 1926 516 1974 dicis
527 1934 549 1973 te
556 1925 609 1972 meis
617 1926 688 1973 causi
697 1927 786 1989 petisse

117 1994 215 2040 Utinam
233 2008 322 2054 semper
338 2007 396 2039 esses
414 1990 536 2038 tribunus!
552 1990 725 2038 intercessorem
741 2002 786 2036 non

118 2072 236 2120 quereres.
256 2058 343 2117 Negas,
355 2071 393 2104 me
406 2055 499 2111 audere,
514 2054 577 2117 quod
588 2054 696 2114 sentim,
707 2054 785 2102 dicere

117 2120 191 2178 Quasi
202 2120 252 2178 tibi,
264 2135 319 2167 cum
329 2120 476 2183 impudenter
486 2134 525 2166 me
535 2133 635 2181 rogares,
646 2133 733 2182 parum
741 2118 788 2167 for·

116 2184 169 2231 citer
179 2185 341 2247 responderim.

150 2249 209 2296 Haec
228 2249 271 2297 tibi
288 2249 374 2312 scripsi,
390 2256 425 2305 ut,
441 2249 485 2296 isco
499 2248 550 2311 ipso
565 2247 590 2294 in
603 2262 695 2309 genere,
707 2247 732 2294 in
758 2262 788 2294 uc

116 2312 205 2376 siiquid
215 2329 282 2376 posse
297 2314 339 2373 vis,
351 2312 443 2361 tenihil
454 2328 501 2360 esse
515 2327 669 2374 cognosceres.
689 2311 730 2371 Qu
770 2310 788 2358 si

107 2377 248 2427 ,humaniter
261 2393 353 2425 mecum
372 2389 466 2440 questus
484 2393 550 2434 esses,
571 2376 670 2424 libenter
686 2377 729 2424 tibi
742 2391 788 2434 me,

117 2449 140 2489 et
150 2441 224 2499 facile,
240 2441 382 2505 purgissem.
400 2441 456 2488 Non
471 2440 533 2488 enim
545 2440 636 2502 ingratis
651 2440 712 2488 mihi
726 2450 788 2500 sunt,

116 2505 265 2570 quaefecisti;
281 2506 330 2563 sed,
342 2521 395 2569 quae
404 2505 519 2567 scripsisti,
526 2505 629 2552 molesta.
649 2505 694 2553 Me
702 2513 788 2563 eutem,

116 2578 210 2635 propter
226 2585 296 2634 quem
313 2569 389 2617 ceteri
406 2569 472 2616 liberi
489 2578 551 2627 sunt,
569 2568 613 2616 tibi
626 2569 728 2617 liberum
742 2583 788 2616 non

117 2635 194 2684 visum
210 2634 317 2682 demiror.
342 2634 416 2691 Nam,
433 2633 453 2680 si
468 2633 527 2680 falsa
540 2633 643 2692 fuerunt,
658 2649 712 2698 quae
723 2642 749 2681 tn
760 2633 789 2681 cd

116 2715 157 2748 me
171 2702 208 2754 (ut
221 2699 264 2758 sis)
280 2697 390 2756 detulisti,
405 2697 463 2760 quid
475 2697 518 2745 tibi
531 2711 573 2760 ego
589 2696 680 2746 debeo?
697 2698 788 2757 rivere,

113 2772 178 2879 bnis&
188 2764 290 2829 optimus
300 2763 372 2824 cessis,
380 2760 609 2826 quidmihipopulus
620 2762 744 2812 Remmus
751 2761 791 2811 de·
