1650 2948
216 142 268 192 AD
283 142 462 193 nlvulseos.
481 143 541 191 latu.
554 144 574 191 1.
591 146 614 198 7.
723 146 751 191 13

82 274 147 333 Haec,
154 273 257 336 proiecto
265 273 336 332 vides,
344 280 431 336 quanto
437 273 576 336 expressiora
582 281 714 337 quantoque
721 275 749 321 il-

79 339 185 386 lustriora
195 338 274 385 sutum
284 338 339 395 sint,
355 353 409 384 cum
420 338 574 400 aliquantum,
587 353 616 385 ex
632 338 748 400 promiscii

79 412 149 466 atque
163 418 193 449 ex
207 401 312 465 imperio,
327 401 402 449 laudis
414 402 536 449 accesserit.
559 404 711 465 Quamquam
725 411 748 449 tt·

78 466 110 514 ita
123 482 203 529 gerere
214 465 274 524 volo,
285 481 339 529 quae
350 481 392 529 per
404 465 529 513 exercitum
542 482 556 513 a
582 482 612 514 uc
622 466 746 530 imperium

77 530 178 593 gerenda
188 538 253 588 sunt,
268 538 295 577 ut
308 529 357 578 haec
371 531 445 578 multo
462 539 515 578 ante
526 545 551 578 m
581 531 649 587 'tero3
667 531 713 579 huc
724 540 747 578 tc

78 611 153 658 pares,
164 595 215 642 haec
225 594 318 658 cogites,
325 595 356 642 sd
363 595 558 655 hacteexcruens,
565 595 694 659 sentiasque
700 595 744 651 (id,

77 660 149 722 quod,
160 659 217 722 quia
230 674 320 722 semper
332 659 436 722 spmisd,
447 673 494 706 non
504 658 585 707 dubito
598 661 664 723 quin,
675 660 745 723 adep·

78 733 124 783 tus,
139 723 266 786 intelligas)
278 723 416 771 tefacillime
431 739 497 786 posse
510 724 611 770 obtinere
625 739 744 771 summum

77 797 147 852 atque
165 787 305 835 altissimum
322 788 421 850 gradum
439 787 542 835 civium
570 788 631 845 Quae
651 788 744 850 quidem

77 867 129 900 mea
138 852 266 900 cohortatio
272 867 302 900 ne
308 851 440 909 tibiinnnis,
452 861 494 898 aut
502 850 549 898 sine
557 851 626 899 causi
634 860 746 914 suscepta,

78 917 190 975 videatur,
200 916 242 962 illa
252 916 358 964 metatio
368 916 450 975 movit,
459 923 487 963 ut
494 923 525 973 te,
533 930 563 963 ex
570 914 653 962 nostris
663 916 748 963 eventis

77 980 249 1037 communitus,
266 980 438 1028 admonendum
455 992 570 1054 putarem,
582 987 610 1026 ut
622 979 747 1027 considera-

77 1061 121 1105 res,
137 1045 162 1092 in
177 1044 244 1094 omni
253 1044 343 1108 reliqui
352 1044 409 1105 viti,
423 1046 508 1107 qubus
518 1043 627 1102 meres,
642 1059 700 1107 quos
710 1060 747 1093 co·

78 1125 92 1156 v

92 1125 147 1157 eres.

108 1173 181 1233 Quod
191 1173 271 1220 scrisis
281 1180 304 1220 te
314 1173 373 1221 velle
385 1173 450 1231 scire,
466 1172 508 1236 qui
520 1173 550 1221 sit
560 1172 690 1236 reipublice
700 1182 746 1221 sta-

77 1249 131 1293 tuss
141 1253 236 1287 summa
246 1237 354 1285 dissensio
361 1246 403 1297 est,
411 1237 571 1285 scdoontentio
581 1238 664 1300 dispar.
682 1238 745 1285 Nam

77 1303 117 1365 qui
132 1303 188 1366 plus
204 1301 296 1364 opibus,
312 1301 391 1360 amris,
408 1302 510 1366 potentiis
525 1302 610 1359 taient,
624 1302 746 1365 profecisse

76 1376 167 1414 tantum
178 1366 238 1412 mihi
249 1365 354 1413 videnum
364 1366 461 1414 stultitiis
471 1374 495 1414 ct
504 1366 655 1413 inconstantiit
666 1365 745 1414 adser-

75 1432 197 1489 sariorum,
204 1440 232 1477 ut
242 1430 451 1478 etiarnauctoritate
456 1432 505 1492 jam
512 1431 565 1493 plus
571 1431 680 1478 valerent.
698 1431 745 1477 Ita-

74 1511 129 1559 que,
148 1493 269 1559 perpaucis
286 1494 465 1554 adversantibus,
484 1494 571 1553 omnia,
588 1510 642 1557 quae
658 1509 687 1541 ne
704 1509 746 1557 per

74 1561 190 1623 populum
200 1558 295 1622 quidem
309 1559 357 1606 sine
372 1559 480 1606 seditione
490 1574 514 1606 se
529 1573 595 1621 posse
606 1558 696 1620 assequi
710 1574 745 1605 sr-

75 1625 229 1682 bitrabantur,
237 1639 279 1686 per
286 1632 391 1671 senatum
398 1623 511 1671 consecuti
517 1632 580 1670 sunt.
597 1623 661 1669 Nam
673 1631 695 1668 et
705 1623 745 1669 sti-

74 1688 187 1751 pendium
198 1687 285 1735 Caesari
295 1687 411 1736 decretum
422 1697 464 1745 cst,
480 1696 503 1735 et
516 1687 595 1734 (leuem
612 1686 695 1749 legati:
713 1697 743 1744 et,

73 1768 103 1799 ne
113 1754 165 1815 lege
177 1752 313 1815 Sempronii
323 1751 487 1811 succederetur,
494 1751 561 1799 facile
568 1751 694 1814 perfectum
703 1763 743 1799 est.

74 1817 146 1876 Quod
156 1816 188 1864 ad
197 1825 221 1865 te
232 1816 322 1864 brevius
333 1816 414 1875 scribo,
427 1816 482 1880 quia
491 1831 530 1863 me
538 1825 610 1863 status
619 1816 656 1862 hic
667 1815 741 1878 reipu-

74 1881 140 1928 bticae
151 1896 199 1928 non
209 1880 318 1936 delectam
336 1881 409 1928 scribo
420 1890 505 1939 tumen,
521 1889 548 1927 ut
562 1888 584 1927 te
598 1880 743 1935 admoneam,

74 1946 137 2009 quod
148 1946 207 2008 ipse,
215 1944 287 1991 literis
297 1945 404 1992 omnibus
414 1961 429 1992 a
439 1943 536 2008 pueritid
545 1943 645 2003 deditus,
654 1945 743 2006 expori-

73 2009 133 2057 endo
143 2019 222 2057 tamen
229 2008 303 2070 magis
312 2024 384 2071 quam
391 2009 506 2067 discendo,
518 2008 622 2071 cognovi,
634 2017 668 2068 tu,
676 2010 744 2055 rebus

74 2074 120 2121 tuis
126 2073 231 2137 integris,
238 2073 400 2137 discas‚neque
406 2073 485 2120 salutis
493 2082 576 2120 nostrae
583 2072 693 2120 rationem
702 2073 743 2119 ha·

72 2138 175 2187 bendam
189 2137 256 2185 nobis
271 2152 318 2186 csse
335 2138 383 2186 sine
400 2137 518 2200 dignitate,
536 2151 611 2200 neque
627 2136 744 2200 dignitatis

73 2203 121 2253 sine
130 2203 216 2250 salute.

105 2267 180 2327 Quod
196 2266 256 2315 mihi
274 2267 303 2316 de
313 2267 362 2316 filis
380 2267 446 2316 etde
462 2266 595 2330 Crassipede
613 2266 743 2329 gratularis,

73 2346 173 2395 agnosco
183 2331 352 2380 humanitatem
359 2341 438 2380 tuam:
451 2347 561 2396 speroque
572 2339 666 2393 coopto,
678 2330 744 2376 nobis

73 2397 133 2445 hanc
150 2396 336 2458 conjunctionem
348 2397 458 2460 voluptati
472 2397 527 2444 fore
549 2395 677 2443 Lentulum
691 2409 745 2439 nos-

72 2470 136 2508 trum
148 2459 238 2507 eximii
248 2477 295 2523 spe,
303 2476 400 2509 summae
410 2460 499 2508 virtutis
510 2460 684 2515 adolescentem,
692 2472 745 2502 cum

74 2525 162 2577 meris
173 2524 271 2584 artibus,
279 2525 363 2588 quibus
373 2525 480 2574 studuisti
491 2540 539 2574 sem
569 2540 580 2570 r
591 2524 648 2587 ipse,
661 2530 714 2567 tum
721 2520 747 2564 io

75 2590 156 2652 primis
164 2587 294 2636 imitatione
300 2590 341 2649 tui,
349 2590 386 2638 iac
391 2589 498 2639 erudias:
511 2606 543 2639 nu
587 2586 758 2639 cnimctitimc

71 2652 221 2714 immabi
230 2652 361 2714 'Imm‘
370 2671 455 2718 quem·
465 2671 517 2719 nos,
536 2667 563 2708 et
578 2656 640 2722 quia
655 2665 728 2717 tuus,
745 2662 770 2702 ct

95 2716 198 2772 (Epist.)
211 2726 270 2760 voc.
285 2728 302 2762 ι.
575 2739 590 2773 0
