1650 2948
215 440 271 489 ,ΑΒ
281 440 460 494 DlvERsos.
473 442 533 490 Ine.
545 442 594 521 ⁸III.
605 443 636 498 6„
710 444 759 490 333

88 583 128 616 am
138 567 231 617 laudem
241 578 265 617 et
272 571 369 633 gloriam
379 571 533 635 pertinebunt.
550 571 708 631 Quamobrem
718 585 758 619 ve-

87 633 131 680 lim
142 633 185 680 tibi
198 633 232 698 ita
240 635 384 697 persuadeas,
398 651 445 696 me,
461 645 513 684 tum
528 635 660 699 reipublicae
678 635 756 694 cause,

86 713 141 759 quae
150 698 209 745 mihi
219 699 267 746 vita
277 699 330 746 mei
340 708 375 748 est
385 699 464 760 carior,
476 710 527 748 tum
538 700 600 764 quod
610 700 653 748 tibi
663 700 712 763 ipse
721 698 759 757 fa÷

28 787 29 792 =
86 776 162 820 seem,
180 771 291 826 tuamque
308 763 443 826 dignitatem
461 765 597 828 amplificari
613 764 691 823 velim,
709 763 757 810 mia

85 826 181 934 optimu
191 826 297 940 conlegis,
309 827 465 892 amplitudini,
477 829 565 892 glorie,
576 829 642 876 nullo
656 829 706 876 loeo
716 826 756 875 de·

97 899 199 937 uturum.
264 906 284 938 e.

93 1077 150 1144 (16.)
175 1081 213 1130 Μ.
230 1081 357 1133 CICERO
364 1083 412 1196 lg:
414 1083 556 1197 8ξίΙέὓΤΟ,
580 1082 742 1132 1MP.cos.

116 1273 310 1334 (Argumentum.
318 1303 351 1313 -·
359 1277 565 1326 commendaverat
581 1276 671 1324 Brutus
684 1292 750 1325 suem

82 1337 226 1401 dignitatem.
244 1340 376 1404 Respondet
386 1342 475 1397 Cicero,
486 1341 530 1390 sibi
544 1356 604 1389 oure
614 1340 671 1400 fore,
681 1341 752 1405 idque

80 1403 132 1463 jam
143 1402 167 1450 in
179 1414 259 1452 senatu
269 1406 409 1455 declaratum
419 1413 487 1465 esse.)

99 1530 199 1606 'Lupus
209 1541 285 1608 noster
301 1549 354 1582 eum
365 1534 467 1582 Romam
477 1542 542 1582 sexto
556 1531 593 1580 die
604 1533 700 1608 Mutina
711 1549 751 1582 ve·

79 1597 553 1725 Iffmffimdtmmims
561 1597 674 1708 &odd
678 1613 751 1719 dm

79 1724 141 1772 mihi
151 1731 216 1771 tunm
234 1725 369 1788 dignitatem
385 1727 539 1782 osmondus,
556 1725 636 1771 eodem
647 1737 750 1788 tempore

79 1788 187 1835 existimo
203 1797 226 1836 te
240 1790 299 1836 mihi
311 1805 388 1838 meam
404 1789 562 1852 [dignitatem]
580 1791 748 1848 oommendare,

79 1867 152 1915 quam
168 1853 318 1916 (mehercule)
333 1869 380 1901 non
395 1855 469 1901 habeo
483 1854 523 1900 tuis
537 1851 654 1899 seriorem.
670 1853 749 1910 Quare

78 1916 139 1963 mibi
149 1917 305 1979 gratissimum
315 1918 392 1977 facies,
404 1919 423 1966 si
433 1919 577 1981 exploratum
588 1915 691 1974 habebis,
702 1917 748 1964 tuis

78 1981 187 2028 leudibus
194 1981 258 2028 nullo
265 1983 316 2030 loeo
323 1997 365 2031 neo
375 1982 495 2030 eonsilium
506 1997 548 2029 neo
558 1979 661 2028 studium
667 1995 748 2028 meum

78 2044 221 2093 defuturum.

111 2109 174 2156 Cum
185 2110 272 2157 tribuni
281 2111 355 2174 plebis
363 2111 493 2170 edixissem,
501 2119 592 2158 senatus
597 2108 685 2157 adesset
692 2124 713 2156 e.
722 2109 746 2156 d.

77 2174 147 2221 XIII
160 2172 211 2222 Cal.
223 2175 279 2222 Jan.
290 2175 445 2239 haberentque
460 2176 484 2221 iu
502 2175 579 2222 enimo
596 2173 625 2221 de
641 2174 747 2237 presidio

76 2237 199 2286 oonsulum
210 2239 380 2301 designatorum
393 2241 489 2294 referre3
507 2253 649 2302 quemquam
660 2247 746 2287 statue·

64 2306 128 2350 'ram
139 2302 164 2348 in
175 2313 280 2350 senatum
296 2312 349 2350 ante
364 2303 414 2350 CaL
426 2304 482 2350 Jau.
499 2317 545 2350 non
556 2303 640 2363 venire,
657 2311 744 2363 temen,

76 2381 131 2414 eum
142 2382 169 2414 eo
179 2366 217 2413 die
226 2367 277 2430 ipso
287 2367 387 2415 edictum
398 2375 465 2414 tuum
476 2367 618 2430 propositum
628 2376 745 2427 essem-ne·

74 2430 111 2478 fas
122 2445 170 2478 esse
180 2430 246 2490 duxi,
263 2439 304 2478 aut
313 2432 347 2479 ita
356 2431 435 2479 heberi
452 2440 566 2493 senatum,
577 2440 604 2479 ut
614 2431 643 2479 de
653 2432 699 2480 tuis
709 2433 746 2480 di.

75 2495 135 2542 vinis
146 2495 171 2540 in
181 2496 348 2558 rempublioem
357 2495 445 2543 meritis
455 2495 559 2544 sileretur
575 2496 647 2560 (quod
656 2496 745 2544 fectum

75 2559 744 2688 emfflefflidemfflmtidmde

291 2658 298 2683 Ὶ

75 2688 128 2734 veni
146 2702 222 2734 mene.
250 2687 322 2747 Quod
340 2704 394 2736 cum
411 2697 469 2737 esset
486 2690 679 2751 emmadversum,
698 2691 743 2740 fre·

73 2751 218 2814 quentissimi
229 2760 341 2800 senatores
351 2762 512 2801 eonvenerunt.

106 2815 169 2873 Quae
178 2815 208 2867 de
218 2824 241 2863 te
251 2814 275 2862 in
282 2825 361 2864 senatu
368 2817 462 2879 egerim,
470 2833 523 2880 quae
530 2817 667 2866 inconcione
674 2831 742 2866 mox.

73 2879 121 2926 imi
131 2879 239 2938 dixerim,
251 2879 348 2929 aliorum
359 2889 382 2928 te
395 2881 467 2929 literis
477 2882 540 2929 malo
549 2896 689 2943 eognoseera
708 2883 743 2930 11.
