1650 2948
181 186 231 233 AD
249 185 426 234 DIVERSOS.
446 186 505 232 Iun.
518 185 550 232 X.
572 186 607 239 17.
678 186 724 232 299

48 315 121 371 eninr,
140 317 253 377 frequenti
273 326 361 372 senatu,
381 317 492 370 Cornuto,
513 331 566 361 curn
586 315 606 360 is
628 313 721 374 frigidos

49 394 105 425 sane
124 389 146 426 et
164 381 316 427 inconstantes
334 381 449 427 reeitisset
465 381 541 426 literas
559 377 648 440 Lepidi.
673 379 722 424 Sub

50 458 89 490 eas
100 444 179 491 statim
193 446 292 492 recitate
306 454 360 492 sunt
372 453 427 503 tuae,
443 459 489 492 non
505 443 553 490 sine
566 442 657 506 magnis
670 440 722 504 qui-

51 506 106 554 dem
124 509 269 556 clamoribus.
295 507 356 557 Cum
375 510 443 556 rebus
460 507 522 554 enim
540 507 595 570 ipsis
613 514 687 554 essent
700 512 724 552 et

51 571 134 619 studiis
143 573 305 637 beneficiisque
312 574 337 620 in
348 572 513 636 rempublicam
521 570 665 635 gratissima,
672 578 724 617 tum
808 570 810 575 '

52 644 119 682 erant
128 637 268 698 gravissimis
278 636 352 685 verbis
363 646 386 685 et
396 636 519 684 sententiis.

49 752 51 756 ,
85 699 202 763 Flagitare
219 711 309 748 senatus
326 701 409 749 institit
427 701 566 760 Cornutum,
588 708 616 747 ut
632 698 725 747 referret

52 763 131 812 statim
143 765 172 812 de
182 766 227 814 tuis
237 765 315 813 literis.
334 765 387 823 Ille,
395 781 420 813 se
430 762 573 812 considerare
581 764 645 812 velle.
663 761 726 810 Cum

54 828 77 875 ei
90 843 203 891 magnum
217 830 345 878 convicium
359 831 423 877 fieret
438 837 519 876 cuncto
532 845 547 876 a
557 837 646 887 senatu,
657 827 726 890 quin-

55 908 103 1004 pume
113 893 200 941 tribuni
211 894 285 958 plebei
295 894 428 942 renuerunt.
445 893 554 942 Servilius
564 902 666 956 rogatus,
676 905 726 938 rem

74 956 79 968 '
102 956 153 1005 ulit.
170 958 192 1004 E
209 973 288 1006 osam
303 958 438 1006 sententiam
453 957 510 1017 dixi,
524 958 562 1006 cui
577 965 632 1004 sunt
641 953 726 1003 assensi

56 1020 87 1068 ad
98 1036 181 1070 unum.
204 1022 241 1070 Ea
254 1038 307 1086 qua
322 1022 400 1084 fuerit,
418 1037 447 1070 ex
464 1021 670 1070 senatus-consulto
688 1034 726 1067 eo-

57 1099 161 1148 gnosces.

90 1149 140 1210 Tu,
159 1166 231 1214 quam
247 1167 302 1199 uem
321 1151 414 1200 oonsilio
431 1166 478 1199 non
495 1167 556 1215 eges,
571 1151 608 1199 vel
623 1147 727 1198 abundas

56 1213 143 1290 potius,
155 1222 232 1263 tamen
259 1231 286 1263 oc
295 1216 373 1264 animo
384 1231 432 1264 esse
442 1215 519 1274 debes,
530 1224 558 1263 ut
568 1214 626 1262 nihil
636 1215 683 1263 huc
693 1229 729 1260 rs-

55 1277 138 1342 Jicisst
156 1294 221 1340 neve,
232 1281 257 1327 in
274 1283 341 1328 rebus
355 1289 404 1327 tam
418 1280 500 1328 subitis
512 1288 606 1342 tamque
616 1277 728 1342 angustis,

58 1359 75 1390 s
85 1351 165 1391 senatu
176 1344 296 1392 eonsilium
307 1344 432 1408 petendum
442 1352 516 1408 putes.
535 1343 589 1406 Ipse
601 1343 643 1391 tibi
653 1343 684 1390 sis
695 1357 730 1390 se·

58 1415 143 1455 natust
161 1424 307 1473 quocumque
323 1416 347 1456 te
363 1409 422 1456 ratio
438 1406 584 1470 reipublice
601 1407 677 1466 ducet,
694 1421 730 1454 se·

59 1487 141 1535 quare.
157 1473 239 1532 Cures,
255 1482 282 1521 ut
296 1482 349 1521 ants
360 1473 447 1520 fastum
457 1470 546 1534 aliquid
556 1486 571 1517 a
580 1478 603 1518 te
614 1470 732 1532 egregium

58 1535 192 1597 audiamus,
216 1553 271 1585 uam
281 1534 388 1585 futurum
398 1535 535 1600 putirimus.
552 1533 617 1581 Illud
626 1534 668 1582 tibi
678 1548 731 1596 pro-

59 1600 138 1660 mitto,
156 1554 216 1664 quii
229 1601 270 1649 uid
284 1618 299 1650 a
312 1610 335 1650 te
348 1602 391 1649 erit
403 1601 499 1658 factum,
516 1598 667 1656 insensum,
684 1611 731 1644 non

60 1664 132 1712 modo
151 1675 178 1712 ut
194 1618 299 1723 fiisliter⁹
316 1666 357 1713 ssd
375 1665 444 1714 etiam
463 1671 490 1712 ut
505 1662 618 1727 sapienter
633 1661 730 1722 sectum,

62 1731 272 1794 comprobaturum.
290 1730 357 1778 Vsle.

180 1917 252 1984 (17.)
270 1919 429 1969 eunucus
446 1915 622 1967 cronuour.

89 2047 294 2108 (Argumentum.
301 2075 335 2087 -··
344 2049 486 2096 Praesentem
496 2046 552 2094 belli
558 2053 644 2093 statum
653 2043 735 2093 deseri-

65 2111 110 2171 bit,
121 2127 176 2158 cum
187 2114 330 2165 emisatione
337 2113 413 2161 fratris
423 2128 438 2160 a
448 2128 471 2160 se
481 2111 577 2170 dimissi,
586 2118 609 2157 et
619 2124 736 2157 commen-

67 2175 160 2223 datium
170 2193 217 2226 suoe
228 2176 363 2241 dignitatis.)
446 2231 448 2234 ,

99 2303 322 2366 Antonius‚‘1dibus
334 2306 403 2366 Maii,
415 2305 444 2353 ad
454 2305 543 2353 Forum
555 2303 616 2353 Julii
626 2318 680 2352 cum
690 2302 738 2365 pri·

68 2368 115 2416 mis
125 2370 196 2434 copiis
207 2371 275 2418 venit.
292 2370 415 2419 Ventidius
425 2370 490 2418 bidui
504 2370 577 2434 spatio
588 2371 652 2416 abest
663 2369 692 2414 ab
703 2380 738 2412 eo.

55 2445 57 2448 ⁴
71 2433 176 2497 Lepidus
187 2434 217 2482 sd
224 2435 311 2482 Forum
321 2434 419 2483 Voconii
426 2443 498 2483 cestra
505 2435 575 2482 habet
584 2450 591 2478 r
604 2432 645 2494 qui
655 2431 740 2488 losusya

70 2497 132 2545 Foro
143 2499 204 2546 Julii
215 2508 313 2562 quotuor
328 2505 352 2547 et
362 2499 443 2562 viginti
453 2498 527 2546 millis
536 2509 647 2560 passuum
659 2495 737 2544 abest:

70 2561 150 2626 ibique
160 2579 199 2611 me
210 2571 338 2628 exspectare
348 2562 473 2621 constituit,
501 2557 680 2610 uemadmotlum
691 2556 740 2620 ipse

70 2625 130 2674 mihi
141 2627 236 2692 scripsit.
252 2627 324 2687 Quod
334 2626 354 2676 si
364 2625 445 2677 omnia
453 2626 484 2676 m*
503 2624 619 2686 'timeam
626 2620 757 2683 &st
