1650 2948
104 156 149 206 192
215 157 265 206 AD
277 157 454 207 DIVEltsos.
471 155 604 206 1na.V11.
622 157 661 205 lo.

100 300 158 347 rem,
171 295 211 333 aut
222 288 259 335 cui
275 287 363 346 darem,
379 288 514 335 nesciebam.
544 285 622 350 Cupio
639 285 695 334 scire
711 281 765 347 quid

100 366 162 414 agas,
171 359 194 398 et
201 352 242 399 ubi
249 352 278 399 sis
284 352 433 399 hiematurus.
450 351 567 416 Equidem
575 351 647 398 velim
655 365 709 398 eum
719 348 766 396 Ce-

101 432 164 463 sare:
182 416 222 462 sed
239 416 343 474 adeum,
356 427 448 478 propter
463 418 512 477 ejus
528 416 697 478 occupationes,
710 411 765 460 nihil

100 495 153 527 sum
164 496 232 526 ausus
243 480 345 526 scribere.
362 480 403 526 Ad
415 481 517 527 Balbum
529 489 606 527 tamen
617 479 704 542 scripsi.
727 477 765 524 Tu

100 544 177 591 deesse
192 543 234 590 tibi
250 544 304 590 noli
322 545 399 591 Serius
409 545 486 607 potius
496 543 527 592 ad
537 559 587 602 nos,
598 544 657 591 dum
673 543 764 606 plenior.

101 608 172 666 Quod
192 608 238 654 hue
272 623 370 670 mperes,
387 609 445 656 nibil
464 616 506 667 est,
543 608 653 656 rasertim
672 605 766 656 Barata

100 680 198 719 mortuo.
216 673 233 720 S
273 672 315 720 tibi
328 673 447 720 consilium
459 687 506 719 non
520 625 590 720 deest.
608 671 676 732 Quid
686 669 767 721 oonmae

100 736 179 795 tueris,
191 736 259 800 cupio
270 737 333 785 scire.
361 736 406 786 Cu.
418 738 538 795 Octavius,
549 751 579 783 an
591 737 635 785 Cu.
648 735 766 784 Cornelius

98 800 203 913 (pidem,
214 809 269 848 tuus
279 801 406 859 familiaris,
418 817 509 848 summo
520 815 602 875 genere
612 809 690 860 uatus,
705 809 767 849 terra

126 865 170 924 'us,
181 866 201 913 is
212 881 258 923 me,
274 866 329 930 quia
339 866 380 914 scit
392 875 459 913 tuum
473 865 611 913 familiarem
622 878 680 925 esse,
692 866 767 913 crebro

101 929 130 976 ad
145 945 233 978 coenam
250 930 339 978 invitat.
367 929 454 978 Adhuc
473 944 519 977 non
537 929 615 992 potuit
629 929 765 994 perduceres

101 995 140 1042 sed
151 995 209 1042 mihi
220 1003 297 1042 tamen
308 1001 401 1057 gratum
411 1003 452 1042 est.
469 994 536 1045 Vale.

150 1183 218 1250 (ιο.)
236 1185 273 1233 Μ.
291 1184 419 1234 orcaao
436 1188 460 1235 s.
473 1185 505 1234 n.
521 1170 720 1235 rnnaarrol

136 1313 332 1378 (Argumentum.
339 1315 422 1362 -Per
427 1315 506 1376 jocum
514 1314 623 1378 exagitat,
629 1315 693 1379 quod
699 1313 766 1378 scrip·

98 1387 158 1426 serat
167 1379 300 1437 Trebatius,
318 1395 342 1427 se
356 1378 441 1427 Caestui
451 1381 518 1427 valde
531 1379 724 1440 jurisconsultum
734 1380 766 1427 vi·

98 1442 162 1490 derit
180 1453 204 1490 et
218 1443 347 1500 timiditatis
364 1443 445 1506 arguit,
458 1445 534 1506 quiin
545 1444 692 1492 Britanniam
704 1443 766 1492 navi·

97 1522 153 1570 gare
172 1509 322 1556 recusaveritr
340 1517 363 1555 et
379 1517 405 1555 ut
424 1507 546 1556 defructu
563 1507 766 1556 commendationi·

99 1571 129 1620 ad
140 1571 263 1633 Caesarem,
279 1581 302 1621 et
319 1573 427 1621 omnibus
443 1573 512 1620 rebus
527 1572 583 1633 suis,
595 1572 679 1620 scribat
691 1574 765 1637 plura,

97 1635 225 1698 admonet)

66 1821 68 1824 Ι
84 1761 88 1767 ’
130 1764 190 1827 Legi
206 1772 259 1812 tuas
273 1764 358 1824 literas,
379 1779 408 1812 ex
424 1765 508 1828 quibus
518 1765 631 1825 intellexi,
647 1773 671 1814 te
680 1763 765 1814 Caneri

97 1837 174 1875 nostro
192 1828 260 1875 valde
272 1829 455 1890 jureconsultum
469 1829 547 1877 videri.
571 1830 624 1889 Est,
637 1830 702 1894 quod
711 1845 766 1893 gan·

96 1891 160 1950 dees,
172 1900 195 1939 te
206 1892 231 1939 in
242 1893 286 1939 ista
295 1893 346 1940 loca
356 1893 452 1950 venisse,
463 1894 505 1940 ubi
515 1894 603 1958 aliquid
614 1909 695 1958 sapere
705 1894 765 1942 vide·

96 1970 155 2004 rere.
170 1955 268 2015 Quodsi
278 1957 303 2003 in
314 1956 460 2004 Britanniam
471 1973 563 2022 quoque
573 1958 690 2023 profectus
700 1973 764 2016 esses,

97 2019 198 2131 pyrofecto
210 2035 279 2069 nemo
289 2021 313 2068 in
324 2022 366 2068 int
376 2020 439 2068 tanti
453 2022 529 2069 insulis
540 2022 635 2086 peritior
646 2032 668 2071 te
678 2023 764 2070 fuisset.

122 2093 265 2132 erumtamen
277 2085 411 2149 (rideamus,
428 2086 494 2134 licet:
513 2102 565 2134 sum
576 2087 639 2134 euim
650 2096 698 2135 ate
709 2086 766 2134 invi·

96 2145 168 2208 tatus)
180 2149 314 2197 subinvideo
329 2150 380 2210 tibi,
392 2151 453 2197 ultro
467 2159 490 2198 te
505 2152 575 2199 etiam
588 2151 722 2212 arcessitum
736 2153 764 2198 ab

96 2226 132 2269 eo,
144 2211 174 2258 ad
185 2228 255 2275 quem
266 2213 349 2271 caeteri,
358 2229 404 2262 non
432 2224 507 2277 ropter
517 2216 650 2279 superbiam
661 2217 721 2276 ejus,
728 2214 765 2262 sed

96 2283 190 2351 propter
200 2277 382 2352 occupationem,
397 2231 512 2342 adspirare
528 2293 575 2327 nou
587 2287 698 2391 possunt.
722 2278 766 2327 Sed

91 2347 123 2388 tu
134 2340 159 2387 in
169 2341 214 2388 uta
223 2342 320 2404 epetolt
330 2342 389 2389 nihil
399 2343 458 2390 mihi
468 2344 576 2407 scripsisti
603 2359 616 2391 e
626 2344 674 2391 tuis
689 2344 765 2402 rebus,

98 2420 151 2469 quae
162 2403 314 2470 (mehercule)
326 2406 384 2454 mihi
395 2421 445 2454 non
451 2407 536 2455 minori
546 2423 606 2456 curre
620 2417 685 2468 sunt,
696 2422 767 2473 quam

97 2484 162 2518 mere.

130 2533 208 2582 Valde
217 2542 305 2594 metuo,
316 2548 346 2582 ne
356 2535 439 2599 frigeas
448 2534 474 2583 in
483 2535 598 2585 hibernis:
616 2539 769 2600 quamobrem

95 2599 191 2650 eernino
207 2599 325 2650 luculento
334 2599 448 2649 utendum
465 2615 546 2649 censeo
563 2599 637 2657 (idem
652 2601 736 2650 Mucio
746 2608 769 2648 et

88 2663 200 2717 Manilio
218 2664 354 2735 placebat),
369 2664 499 2731 presertim
511 2664 554 2727 qu
566 2663 628 2724 “dl
637 2679 688 2712 m
696 2667 770 2721 ebun-
