1650 2948
68 159 117 206 352
180 159 231 207 AD
247 157 425 210 nlvnnsos
442 157 504 206 Isin.
520 155 571 205 xl.
587 156 629 212 27.

101 287 214 334 Nondum
224 287 278 336 eene
288 285 404 341 constitui,
410 284 614 349 molestimeplus
621 297 652 331 en
658 281 734 345 volup·

68 351 121 398 tntis
132 352 233 399 attulerit
242 351 301 399 mihi
311 351 435 400 Trebatius
445 358 531 408 noster,
545 350 618 397 homo
628 362 680 397 cnm
688 347 733 410 ple·

69 429 115 462 uus
131 415 207 473 officii,
225 424 276 463 tum
297 415 418 478 utriusque
436 417 542 462 nostrum
564 411 734 461 ementienmus.

70 479 144 536 Nem,
155 493 209 526 cum
220 480 245 526 in
255 479 416 527 Tusculanum
427 477 516 542 vesperi
526 477 650 535 venissem,
660 474 734 540 poetn'·

70 541 107 590 die
118 543 157 590 ille
167 543 197 591 ed
207 559 253 602 me,
266 543 371 591 nondum
384 543 439 590 sene
450 543 518 590 lirino
532 557 629 605 corpore
638 555 690 588 eum
704 553 734 586 ee·

71 613 113 663 eet,
125 622 194 654 mene
204 609 273 655 veuit
290 608 368 666 Quem
383 623 438 654 cum
453 608 614 669 objurgarem,
630 603 690 668 quod
698 617 734 666 pv

71 685 124 717 rum
141 671 267 719 valetudini
284 680 403 735 parcerem
421 680 473 719 tnm
491 671 542 731 ille,
562 669 622 717 nihil
636 668 679 717 nbi
690 667 735 714 lon·

71 733 124 808 gius
141 734 221 794 luisse,
238 751 309 799 quem
325 745 353 783 ut
365 751 405 783 me
418 735 513 783 videret
535 735 606 783 Num
623 733 733 798 quidum,

72 812 179 877 mquam,
190 800 262 848 novi?
279 800 370 848 Detulit
384 800 415 848 ed
427 815 466 848 me
479 799 600 862 querelem
616 807 697 845 tueme
711 793 735 842 tle

72 877 120 924 qua
131 864 194 925 prius
204 880 276 928 quem
286 863 420 939 respondeo,
431 879 505 927 peuce
515 876 660 927 proeponmn.

105 926 228 985 Quantum
239 929 350 977 metuont
359 936 460 991 rqretere
467 927 585 991 proterite
591 930 693 990 pomi·
702 937 735 971 Ι»

73 1003 113 1037 mo
124 999 159 1037 eet
169 992 227 1038 mihi
238 1001 260 1040 te
271 993 358 1040 amicus
368 992 491 1056 antiquior.
506 991 556 1040 Sed
566 999 667 1039 sanstae
676 990 736 1037 hebet

73 1054 162 1117 aliquid
180 1070 302 1104 commune
323 1071 378 1104 cum
397 1056 494 1113 mulnet
515 1070 583 1103 emor
600 1070 649 1103 non
669 1053 735 1101 hebet

75 1117 155 1165 Dilexi
166 1127 196 1178 te,
206 1120 296 1182 quodie
304 1120 414 1183 cognovi:
426 1136 511 1184 meque
521 1135 537 1167 a
548 1129 572 1168 te
582 1118 650 1182 diligi
656 1117 736 1180 judice·

74 1181 105 1229 vi.
122 1182 190 1229 'l'uus
201 1183 283 1231 deinde
293 1183 413 1244 discessus,
424 1185 491 1248 isque
505 1183 639 1243 diuturnus,
651 1180 738 1236 ambiit

74 1253 160 1305 nostra,
171 1256 194 1295 et
201 1247 254 1295 vitae
265 1248 436 1308 dissimilitudo,
443 1263 490 1295 non
501 1257 535 1295 est
543 1264 611 1312 pesse
618 1247 737 1296 votunuus

75 1318 162 1358 nostres
173 1313 502 1375 consuetudmeconglutineri.
518 1312 602 1360 Tuum
609 1320 738 1372 umenerge

74 1389 112 1422 me
123 1375 229 1423 animum
238 1377 323 1439 agnovi
335 1377 415 1424 multis
426 1377 493 1424 annis
504 1385 559 1424 ente
569 1376 664 1424 bellum
672 1373 736 1429 civile,

75 1453 129 1487 oum
145 1439 222 1488 Cesar
232 1450 289 1488 esset
299 1442 324 1488 in
337 1441 421 1489 Gellii.
438 1441 510 1500 Quod
520 1441 584 1488 enim
600 1441 736 1488 vehementer

75 1503 134 1551 mihi
142 1505 200 1552 utile
210 1521 257 1553 esse
265 1508 371 1568 putabas,
384 1520 426 1553 nee
439 1505 522 1553 inutile
532 1504 578 1568 ipsi
589 1503 685 1563 Cursori,
695 1517 738 1566 per·

75 1568 157 1628 fecisti,
169 1579 196 1617 ut
203 1571 243 1618 ille
253 1585 291 1617 me
299 1570 410 1632 diligeret,
419 1571 511 1626 coleret,
522 1569 620 1617 heberet
629 1568 654 1616 in
665 1567 715 1616 etis·

109 1633 189 1681 Multa
210 1645 326 1697 proteron,
342 1650 394 1697 quae
407 1634 549 1697 temporibus
565 1632 613 1680 illis
630 1633 688 1680 inter
704 1645 739 1678 noe

76 1697 253 1745 familiarissime
274 1698 343 1754 dicte,
371 1698 462 1760 scripte,
485 1698 658 1745 communicatu
677 1704 737 1744 eunte

75 1762 180 1822 graviora
193 1762 254 1808 enim
265 1770 385 1809 consecute
402 1771 462 1809 sunt.
486 1761 520 1809 Et
533 1762 600 1809 initio
610 1761 667 1810 belli
677 1759 740 1808 ovilis

76 1839 130 1871 cum
141 1825 293 1872 Brundisium
304 1841 381 1873 versus
391 1827 435 1873 ires
445 1825 475 1872 cd
487 1826 613 1886 cesarem,
626 1825 705 1874 venisti
714 1821 740 1870 ed

76 1902 115 1934 me
133 1888 157 1934 in
175 1888 332 1936 Fonnianum.
357 1891 473 1949 Primum,
495 1891 540 1938 hoc
557 1891 638 1952 ipsum
657 1886 739 1953 quentis

76 1952 203 2013 presertim
212 1954 353 2016 temporibus
363 1955 423 2002 illis!
441 1953 533 2002 Deinde
544 1955 647 2003 oblitum
657 1969 695 2001 me
703 1967 741 2016 pu·

77 2023 111 2062 tes
119 2017 214 2074 consilii,
223 2019 339 2078 sermonis,
347 2018 496 2066 humanitatis
504 2023 570 2067 tuae?
586 2018 674 2081 quibus
681 2019 742 2064 rebus

77 2078 184 2127 interesse
194 2083 290 2128 memini
301 2083 447 2131 Trebatium.
468 2084 492 2129 N
494 2098 518 2130 ec
531 2098 586 2130 vero
598 2098 653 2130 sum
665 2081 742 2130 oblinis

77 2142 196 2191 literarum
212 2156 314 2200 tuntum,
327 2164 384 2211 quas
395 2147 425 2194 ed
434 2162 473 2194 me
489 2147 581 2204 misisti,
597 2162 654 2194 eum
665 2143 743 2194 omui

78 2207 170 2255 obviam
181 2210 288 2267 venisses,
300 2211 324 2256 in
335 2227 399 2274 egro,
410 2219 437 2258 ut
447 2211 552 2271 arbitror,
562 2211 705 2258 Trebulano.

110 2274 219 2319 Secutum
228 2274 287 2320 illud
299 2283 392 2338 tempus
400 2284 441 2334 est,
453 2290 507 2322 cum
518 2289 557 2322 me
567 2274 597 2322 ed
609 2275 744 2338 Pompeium

78 2337 197 2399 proficisci,
209 2338 256 2384 sive
266 2338 340 2400 pudor
350 2355 416 2388 meus
427 2340 509 2401 coegit,
521 2339 569 2386 sive
579 2339 692 2399 officium,
703 2339 745 2386 sive

79 2401 177 2448 fortuna.
196 2402 268 2460 Quod
282 2403 383 2450 officium
396 2413 472 2460 tuum,
484 2402 547 2466 quod
562 2403 668 2450 studium
679 2402 746 2451 velin

79 2468 196 2513 absentem
211 2481 258 2524 me,
269 2468 306 2513 vel
317 2468 341 2514 in
352 2475 474 2531 presentes
484 2482 557 2526 meos,
568 2467 664 2516 defuit?
680 2481 746 2531 quem

78 2544 146 2589 porro
153 2546 232 2578 omnes
239 2531 285 2578 mei
296 2539 319 2578 et
329 2532 388 2579 mihi
398 2540 421 2580 et
431 2532 475 2579 sibi
485 2540 508 2578 te
518 2531 653 2580 amiciorem
662 2531 747 2594 judice

78 2595 178 2644 verunt?
194 2594 259 2644 Veni
279 2596 447 2644 Brundisiume
467 2595 598 2643 oblitumne
615 2610 656 2644 me
673 2605 746 2660 pune,

74 2660 125 2724 qui
143 2661 276 2723 celeritate,
288 2659 432 2724 ntnximum
446 2658 746 2715 cubueris-,ebme'tcxentn
