1650 2948
98 415 101 421 .
192 370 439 424 Annlvnltsos
454 371 574 421 LuaXl.
594 373 632 422 16.
691 368 748 423 843
817 400 820 404 ·

75 500 159 564 aegia.
177 500 268 550 literas
278 509 329 550 tues
339 502 485 550 vehementer
493 509 608 565 exspecto,
619 509 642 550 et
653 500 747 565 quidem

78 567 144 627 tales,
156 567 236 632 quales
246 566 348 614 maxime
358 573 420 630 opto.
438 566 504 615 Vale.

75 755 141 818 (16.)
158 755 197 805 Μ.
208 757 239 805 Τ.
251 756 280 806 C.
295 756 330 804 D.
344 755 475 869 ΒΒΒᾘΤΒ),
493 757 567 805 ΙΜΡ.
585 754 656 807 COS.
671 756 746 809 DES·

110 950 344 1016 (Argumentum-
353 907 510 998 Commendat
523 949 656 998 Lamiam
648 966 674 998 ιιι
688 951 748 1015 peti.

75 1013 138 1063 tione
147 1023 272 1079 praeturae.)

107 1142 252 1219 Permagni'
245 1150 347 1202 interest,
364 1158 411 1206 qno
425 1141 468 1190 tibi
478 1143 528 1192 hae
539 1150 680 1218 temporeep
680 1143 747 1193 istola

73 1207 164 1257 reddita
173 1207 218 1263 sit;
230 1216 309 1255 utrum
317 1222 372 1255 cum
381 1207 539 1256 sollicitudinis
546 1207 635 1271 aliquid
642 1208 745 1268 haberes,

72 1287 105 1320 an
123 1287 178 1347 cum
193 1273 223 1319 ab
240 1271 304 1318 omni
318 1271 424 1319 molestia
438 1287 524 1320 vacuus
539 1287 605 1320 esses
628 1273 746 1336 Itaque
725 1288 747 1321 aa

72 1335 179 1412 proeoepi,
201 1350 272 1399 quem
289 1335 319 1383 ad
336 1345 359 1382 te
376 1335 439 1396 misi,
456 1344 484 1383 ut
502 1345 595 1400 tempus
616 1339 746 1385 observaret

72 1399 179 1475 epistola
192 1400 235 1448 tibi
251 1399 379 1448 reddenda.
401 1401 475 1459 Nam,
489 1400 695 1462 quemadmodum,
706 1416 744 1450 oo·

73 1479 125 1513 ram
140 1463 181 1539 qui
195 1464 225 1512 ad
242 1479 284 1512 nos
297 1463 457 1527 intempestive
470 1465 564 1525 adeunt,
579 1465 670 1514 molesti
685 1481 746 1541 sape

71 1536 135 1588 sunt,
153 1528 185 1579 aie
202 1528 304 1592 epistola
318 1528 445 1586 offendunt,
460 1543 507 1576 non
525 1529 576 1576 loco
593 1527 695 1577 redditae
718 1529 745 1578 si
768 1560 771 1568 ‹

71 1601 152 1640 autem
164 1544 231 1647 (utep
211 1601 286 1656 ιρειο)
302 1592 362 1640 nihil
374 1601 397 1639 te
411 1594 539 1655 perturbat,
554 1592 613 1639 nihil
627 1592 743 1656 impedite

72 1665 96 1704 et
105 1656 154 1717 ille,
171 1673 209 1705 our
201 1657 337 1716 ¹mandavi,
349 1657 404 1704 satis
417 1656 472 1703 scite
486 1664 508 1703 et
522 1655 642 1703 commode
651 1665 744 1730 tempus

70 1721 102 1780 ad
118 1729 141 1769 te
156 1722 216 1796 cepit
230 1720 348 1776 adeundi3
365 1719 463 1779 mnodo,
478 1735 525 1780 me,
540 1719 604 1783 quod
614 1719 693 1780 vehm,
709 1721 745 1768 fa·

71 1784 116 1833 eila
126 1801 140 1832 a
150 1794 173 1833 te
183 1794 369 1849 impetraturum.

104 1848 135 1896 L.
145 1849 228 1897 Lamia
237 1859 362 1913 praeturam
372 1847 438 1912 petit.
455 1849 509 1896 Hoc
519 1862 562 1911 ego
574 1855 626 1896 utor
635 1862 683 1896 uno
693 1863 744 1896 om-

71 1913 139 1968 nium
149 1914 284 1977 plurimum.
305 1913 397 1976 Magna
407 1921 508 1961 vetustas
508 1927 613 1976 ‚magna
623 1921 744 1961 eonsuetu-

71 1978 103 2028 do
113 1977 245 2026 mteroetlrt
259 1976 372 2042 quodque
383 1947 516 2040 plurimum'
527 1977 597 2036 valet„
616 1976 744 2024 nihilmihi

72 2043 123 2103 ejus
140 2050 175 2090 est
190 2042 345 2090 familiaritate
364 2042 497 2116 junmdius.
525 2040 615 2104 Magno
633 2049 743 2105 praterea

71 2107 182 2155 beneficio
203 2108 261 2168 ejus,
283 2120 415 2180 magnoque
435 2106 525 2164 merita
548 2121 600 2153 sum
619 2106 742 2169 obligatus.

71 2170 147 2231 Nam,
162 2169 281 2219 Clodianis
295 2169 446 2250 temporibus,
463 2185 518 2217 cum
531 2170 641 2244 equestris
657 2170 743 2218 ordinis

72 2236 177 2299 princeps
188 2244 253 2294 esset,
265 2249 353 2298 proque
364 2234 422 2280 mela
434 2234 508 2281 solute
523 2234 631 2282 acerrime
641 2249 742 2309 propug-

72 2308 146 2357 naret,
157 2315 172 2346 a
182 2300 282 2349 Gabinio
290 2298 383 2348 oonsule
393 2297 521 2373 relegatus
518 2307 563 2355 est3
597 2299 645 2346 uod
654 2307 708 2345 ante
717 2299 743 2346 1d

72 2371 165 2426 tempus
176 2363 219 2411 civi
234 2363 342 2411 Romano
354 2361 451 2437 eontigit
460 2363 555 2410 nemini.
599 2377 625 2410 oc
636 2377 690 2410 cum
700 2377 742 2437 po-

71 2429 142 2491 pulus
158 2428 280 2476 Romanus
295 2426 434 2487 meminerit,
445 2442 484 2474 me
497 2426 575 2491 ipsum
593 2441 640 2475 non
659 2426 742 2474 memi-

70 2492 131 2541 nisse
142 2492 301 2556 turpissimum
311 2499 352 2539 est.

74 2556 251 2620 Quapropter
267 2557 378 2619 persuade
393 2555 445 2616 tibi,
458 2555 493 2603 mi
510 2556 593 2617 Brute,
609 2571 648 2603 me
663 2517 740 2617 petere

71 2608 203 2684 praeturam.
221 2620 372 2700 Quamquam
388 2620 450 2668 enim
466 2621 551 2671 Lamia
560 2635 652 2669 summo
663 2618 741 2680 splen-

70 2686 134 2742 dore,
152 2685 246 2732 summi
260 2683 332 2748 gratii
346 2693 388 2743 est,
404 2685 628 2759 magnificentissimo
645 2695 741 2728 munere

70 2719 184 2824 aedilicio,
200 2759 287 2809 tantm,
305 2749 371 2813 quasi
385 2765 412 2797 es
427 2749 460 2797 ita
470 2764 516 2796 non
534 2756 615 2804 essent,
631 2760 674 2808 ego
690 2759 741 2792 sus·

70 2813 121 2878 cepi
132 2821 207 2862 totum
218 2814 344 2876 negotium.
361 2813 465 2871 Nune*
448 2829 467 2860 ss
477 2828 515 2860 me
523 2809 642 2859 tantifacis
640 2808 739 2883 ‚quanti

70 2887 130 2928 oerte
141 2878 204 2938 tacis,
217 2878 309 2942 quando
320 2877 426 2942 equitum
437 2875 551 2926 centurias
560 2885 637 2934 tenea
639 2872 671 2921 'm
678 2872 749 2934 numa
