1650 2948
80 208 131 253 258
197 203 247 252 AD
264 200 441 251 DIVBRSOS.
461 201 522 249 Lis.
540 198 589 249 IX.
607 194 647 248 13.

87 349 171 409 eosque
181 333 213 381 ite
224 341 325 390 excusat,
340 338 367 378 ut
377 330 488 406 ostendet,
500 345 555 406 essu
566 327 670 405 quodsnr
685 335 709 376 et
718 340 762 376 ne·

88 406 190 523 ἔξω
201 405 296 456 coactos,
309 396 414 458 Pompeu
424 404 500 458 partes
510 409 535 441 ιιι
546 393 665 456 Hispunri
672 400 762 442 seurtoe

123 589 193 638 Caius
204 589 340 646 Suberinus‚
356 587 464 644 Calenus,
477 596 500 635 et
509 601 576 635 meus
587 595 622 634 at
632 585 761 643 familiaris,

91 662 114 702 et
136 654 217 717 neptae
238 654 310 702 nostri
330 652 502 700 familiarissimi
523 651 712 714 pernecessarius.
738 649 764 697 Ιι

91 733 155 775 cum,
167 717 254 765 vitandi
265 717 320 766 belli
330 714 406 773 causi,
417 716 531 778 profectus
545 723 604 762 esset
614 715 640 762 in
652 713 764 778 Hispsni-

91 797 131 830 am
137 797 191 830 cum
203 782 241 830 M.
253 783 358 831 Varrone
365 788 418 828 snte
427 780 525 837 bellum,
536 779 599 826 utin
608 780 637 827 ei.
647 777 766 843 provincii

93 855 160 904 esset,
171 846 196 892 in
208 847 256 910 qui
266 861 334 894 nemo
345 847 457 902 noenum,
468 852 520 926 post
531 843 658 890 Afranium
670 857 765 906 supers-

92 919 153 967 tum‚
170 911 259 959 bellum
269 911 345 957 ullum
361 909 409 956 iore
424 917 532 971 puturst3
550 907 632 955 incidit
641 908 667 954 in
678 923 707 954 es
716 907 765 970 ipss

93 975 165 1033 mals,
182 990 235 1038 quae
249 988 341 1022 summo
352 972 428 1020 studio
445 972 562 1020 vitaverat.
587 970 722 1034 Oppressus
732 977 766 1018 est

95 1038 158 1085 enim
175 1039 235 1086 bello
254 1037 388 1099 repentin03
406 1035 469 1099 quod
482 1036 581 1093 bellum,
596 1043 742 1083 commotum
751 1048 771 1082 s

95 1100 202 1163 Scapuli,
214 1101 247 1147 ita
259 1109 338 1164 postea
354 1100 514 1148 confirmatum
529 1107 564 1146 est
580 1114 595 1145 a
606 1099 729 1162 Pompeio,
740 1105 766 1145 ut

94 1165 160 1211 nulli
171 1164 257 1211 ratione
265 1179 290 1211 se
300 1165 329 1210 ab
337 1163 378 1209 illd
384 1162 476 1210 miserit
482 1163 568 1226 eripere
575 1172 659 1236 posset.
676 1163 766 1213 nauem

95 1245 164 1276 causa
174 1228 221 1274 fere
232 1236 266 1274 est
282 1227 319 1275 M.
331 1226 408 1283 Planii
425 1227 531 1285 Heredis,
546 1242 587 1290 qur
603 1235 638 1275 est
650 1227 708 1275 itein
720 1225 766 1276 Ca·

95 1294 170 1350 lenus,
182 1292 263 1356 Leptae
273 1291 344 1339 nostri
354 1290 554 1338 familiarissimus.

130 1356 206 1404 Hosne
221 1356 293 1418 igitur
303 1357 371 1403 ambo
387 1355 430 1402 tibi
440 1355 472 1402 sie
482 1353 627 1413 commendo,
639 1362 667 1401 ut
680 1356 768 1417 majore

98 1421 161 1477 curi,
176 1420 259 1480 studio,
280 1419 431 1468 sollicitudine
445 1419 525 1478 animi,
543 1419 706 1467 commendare
721 1434 766 1467 non

97 1486 190 1550 possim.
217 1485 280 1534 Volo
295 1486 397 1549 ipsorum
415 1484 497 1530 causi:
514 1498 598 1546 meque
615 1483 640 1529 in
655 1499 684 1531 eo
700 1484 766 1532 vehe-

97 1560 186 1599 menter
197 1559 220 1598 et
234 1549 334 1598 amicitis
348 1557 424 1595 movet
435 1556 457 1594 et
466 1548 605 1595 humanitus.
627 1547 705 1611 Lepte
715 1563 767 1596 vero

98 1630 153 1663 cum
163 1616 196 1662 itu
206 1614 301 1673 laboret,
314 1621 340 1660 ut
351 1615 400 1673 ejus
411 1611 508 1659 fortunae
518 1611 640 1659 videantur
649 1612 675 1659 in
690 1612 767 1660 discri-

99 1695 154 1726 men
165 1680 257 1734 venire3
275 1693 321 1724 non
339 1691 432 1739 possum
449 1691 491 1737 ego
502 1691 548 1722 non
559 1683 600 1723 sut
616 1677 723 1739 proxime
733 1685 767 1724 st·

99 1759 145 1805 que
155 1743 202 1799 ine,
215 1751 256 1789 aut
267 1741 335 1788 etism
342 1755 419 1802 nque,
431 1739 540 1787 laborare.
558 1741 715 1804 Quapropter,
726 1740 767 1788 etsi

100 1821 160 1868 saepe
168 1814 274 1867 expertus
283 1820 343 1861 sum,
352 1811 465 1866 quantum
476 1820 514 1851 me
525 1820 628 1861 amares3
646 1813 725 1853 tamen
736 1804 767 1853 sic

100 1870 169 1917 velim
178 1869 221 1915 tibi
228 1868 372 1931 persuadeas,
383 1867 408 1914 id
419 1883 456 1914 me
467 1867 492 1915 in
503 1869 547 1916 hnc
557 1884 581 1916 re
592 1868 697 1917 maxime
704 1869 767 1931 judi·

99 1942 212 1980 saturum.
231 1933 288 1979 Peto
298 1932 368 1994 igitur
379 1940 431 1990 ete,
443 1933 488 1990 vel,
500 1933 520 1980 si
529 1932 622 1996 pateris,
633 1947 683 1995 oro,
694 1942 721 1981 ut
726 1934 768 1981 ho·

99 1996 174 2043 mines
181 1993 283 2056 miseros,
292 2004 315 2044 et
325 1996 417 2044 fortuni
425 1997 508 2060 (quum
514 1998 585 2045 vitare
593 2011 663 2045 nemo
673 1997 768 2060 potest),

99 2059 174 2122 magis
180 2076 252 2123 quam
262 2061 339 2125 culpi,
349 2061 498 2118 oslsndtosos,
506 2076 622 2109 conserves
627 2061 768 2110 ineolumem

100 2123 203 2186 velisque
222 2139 263 2186 per
277 2132 300 2172 te
316 2141 354 2172 me
370 2125 414 2172 hoc
428 2125 528 2172 muneris
543 2140 597 2172 oum
616 2125 673 2189 ipsis
690 2126 768 2174 amieis

100 2186 242 2245 hominibus,
261 2196 313 2243 tum
334 2189 460 2252 municipio
475 2188 569 2249 Caleno,
588 2205 691 2253 quocum
711 2191 768 2238 mihi

100 2265 186 2314 magne
199 2252 342 2299 necessitudo
352 2261 394 2313 est,
409 2261 460 2300 tum
474 2254 564 2317 Leptae,
579 2269 651 2318 quem
662 2255 769 2303 omnibus

102 2323 223 2378 antepono,
235 2315 296 2362 dare.

135 2379 205 2439 Quod
215 2379 317 2427 dietums
331 2395 392 2438 sum,
409 2389 466 2445 puto
482 2382 589 2446 equidem
599 2397 646 2430 non
662 2383 729 2432 valde
741 2382 770 2432 sd

101 2459 151 2491 rem
161 2443 273 2507 pertinere
282 2459 290 2500 ς
307 2443 347 2490 sed
353 2451 431 2492 temen
438 2446 497 2493 nihii
505 2449 569 2494 obest
577 2445 659 2495 dicere.
677 2448 726 2496 Res
735 2447 769 2496 is-

100 2507 196 2555 milisris
210 2507 275 2555 alteri
297 2523 376 2555 eorum
394 2509 461 2557 ualde
482 2510 567 2584 exigue
582 2518 624 2569 est,
642 2512 709 2560 alteri
730 2511 769 2560 six

127 2572 217 2624 uestris.
237 2571 391 2638 Quapropter,
402 2573 495 2637 quando
505 2575 541 2621 his
556 2575 634 2622 Caessr
645 2577 718 2624 vitam
729 2573 770 2624 uui

86 2638 107 2687 li
140 2639 418 2699 rslitsteconeessitmee
427 2638 770 2702 est‚quudirspmsxsum2g.

80 2706 374 2778 nopenpossitsdiuu3
393 2703 511 2764 reditum,
524 2701 600 2749 irrue
613 2707 786 2757 untummu,
