<?xml version="1.0" encoding="UTF-8"?>
<!DOCTYPE html PUBLIC "-//W3C//DTD XHTML 1.0 Transitional//EN"
    "http://www.w3.org/TR/xhtml1/DTD/xhtml1-transitional.dtd">
<html xmlns="http://www.w3.org/1999/xhtml" xml:lang="en" lang="en">
 <head>
  <title>
</title>
<meta http-equiv="Content-Type" content="text/html;charset=utf-8" />
  <meta name='ocr-system' content='tesseract 3.04.00' />
  <meta name='ocr-capabilities' content='ocr_page ocr_carea ocr_par ocr_line ocrx_word'/>
</head>
<body>
  <div class='ocr_page' id='page_1' title='image "./operaexeditioni00cicegoog_0124.png"; bbox 0 0 1650 2948; ppageno 0'>
   <div class='ocr_carea' id='block_1_1' title="bbox 184 152 745 205">
    <p class='ocr_par' dir='ltr' id='par_1_1' title="bbox 184 152 745 205">
     <span class='ocr_line' id='line_1_1' title="bbox 184 152 745 205; baseline -0.002 -4"><span class='ocrx_word' id='word_1_1' title='bbox 184 152 243 202; x_wconf 77' lang='lat' dir='ltr'>&#39;AD</span> <span class='ocrx_word' id='word_1_2' title='bbox 257 153 512 205; x_wconf 80' lang='lat' dir='ltr'>DIVERSOS.L1s.</span> <span class='ocrx_word' id='word_1_3' title='bbox 531 156 576 203; x_wconf 81' lang='lat' dir='ltr'>lv.</span> <span class='ocrx_word' id='word_1_4' title='bbox 596 157 633 202; x_wconf 78' lang='lat'>12.</span> <span class='ocrx_word' id='word_1_5' title='bbox 700 154 745 201; x_wconf 73' lang='lat'>105</span> 
     </span>
    </p>
   </div>
   <div class='ocr_carea' id='block_1_2' title="bbox 64 281 773 2722">
    <p class='ocr_par' dir='ltr' id='par_1_2' title="bbox 74 281 747 669">
     <span class='ocr_line' id='line_1_2' title="bbox 105 281 745 346; baseline -0.002 -18"><span class='ocrx_word' id='word_1_6' title='bbox 105 281 160 329; x_wconf 84' lang='lat' dir='ltr'>Etsi</span> <span class='ocrx_word' id='word_1_7' title='bbox 170 282 226 341; x_wconf 87' lang='lat' dir='ltr'>scio,</span> <span class='ocrx_word' id='word_1_8' title='bbox 238 298 284 331; x_wconf 89' lang='lat' dir='ltr'>non</span> <span class='ocrx_word' id='word_1_9' title='bbox 299 284 493 346; x_wconf 87' lang='lat' dir='ltr'>jucundissimum</span> <span class='ocrx_word' id='word_1_10' title='bbox 509 284 617 332; x_wconf 82' lang='lat' dir='ltr'>nuntium</span> <span class='ocrx_word' id='word_1_11' title='bbox 632 282 745 329; x_wconf 80' lang='lat' dir='ltr'>merobis</span> 
     </span>
     <span class='ocr_line' id='line_1_3' title="bbox 75 345 747 412; baseline -0.001 -20"><span class='ocrx_word' id='word_1_12' title='bbox 75 345 217 403; x_wconf 79' lang='lat' dir='ltr'>allaturum3</span> <span class='ocrx_word' id='word_1_13' title='bbox 235 357 321 408; x_wconf 80' lang='lat' dir='ltr'>tamen,</span> <span class='ocrx_word' id='word_1_14' title='bbox 333 350 443 412; x_wconf 85' lang='lat' dir='ltr'>quoniam</span> <span class='ocrx_word' id='word_1_15' title='bbox 452 366 516 397; x_wconf 89' lang='lat' dir='ltr'>casus</span> <span class='ocrx_word' id='word_1_16' title='bbox 527 360 549 397; x_wconf 86' lang='lat' dir='ltr'>et</span> <span class='ocrx_word' id='word_1_17' title='bbox 557 348 669 396; x_wconf 81' lang='lat' dir='ltr'>naturain</span> <span class='ocrx_word' id='word_1_18' title='bbox 682 347 747 392; x_wconf 85' lang='lat' dir='ltr'>nobis</span> 
     </span>
     <span class='ocr_line' id='line_1_4' title="bbox 74 408 747 478; baseline -0.003 -20"><span class='ocrx_word' id='word_1_19' title='bbox 74 408 217 471; x_wconf 79' lang='lat' dir='ltr'>dominatur,</span> <span class='ocrx_word' id='word_1_20' title='bbox 227 411 305 460; x_wconf 84' lang='lat' dir='ltr'>visum</span> <span class='ocrx_word' id='word_1_21' title='bbox 319 423 354 461; x_wconf 85' lang='lat' dir='ltr'>est</span> <span class='ocrx_word' id='word_1_22' title='bbox 370 413 509 473; x_wconf 83' lang='lat' dir='ltr'>faciendum,</span> <span class='ocrx_word' id='word_1_23' title='bbox 526 428 620 478; x_wconf 86' lang='lat' dir='ltr'><strong>quoquo</strong></span> <span class='ocrx_word' id='word_1_24' title='bbox 630 411 700 463; x_wconf 82' lang='lat' dir='ltr'><strong>modo</strong></span> <span class='ocrx_word' id='word_1_25' title='bbox 711 426 747 457; x_wconf 82' lang='lat' dir='ltr'>res</span> 
     </span>
     <span class='ocr_line' id='line_1_5' title="bbox 76 473 746 541; baseline 0.003 -20"><span class='ocrx_word' id='word_1_26' title='bbox 76 473 547 541; x_wconf 44' lang='lat' dir='ltr'>schaberffintvascertioresfacerem.</span> <span class='ocrx_word' id='word_1_27' title='bbox 564 476 635 526; x_wconf 66' lang='lat' dir='ltr'>nd,</span> <span class='ocrx_word' id='word_1_28' title='bbox 651 476 676 524; x_wconf 88' lang='lat' dir='ltr'>X</span> <span class='ocrx_word' id='word_1_29' title='bbox 694 474 746 523; x_wconf 83' lang='lat' dir='ltr'>Cal·</span> 
     </span>
     <span class='ocr_line' id='line_1_6' title="bbox 75 537 746 604; baseline 0.004 -19"><span class='ocrx_word' id='word_1_30' title='bbox 75 537 133 585; x_wconf 76' lang='lat' dir='ltr'>Jun-</span> <span class='ocrx_word' id='word_1_31' title='bbox 141 542 234 588; x_wconf 86' lang='lat' dir='ltr'>cnmab</span> <span class='ocrx_word' id='word_1_32' title='bbox 239 538 360 604; x_wconf 74' lang='lat' dir='ltr'>Epidauro</span> <span class='ocrx_word' id='word_1_33' title='bbox 367 542 482 590; x_wconf 79' lang='lat' dir='ltr'>Piraeum</span> <span class='ocrx_word' id='word_1_34' title='bbox 488 543 541 590; x_wconf 85' lang='lat' dir='ltr'>navi</span> <span class='ocrx_word' id='word_1_35' title='bbox 548 541 656 590; x_wconf 66' lang='lat' dir='ltr'>adventa</span> <span class='ocrx_word' id='word_1_36' title='bbox 664 554 746 598; x_wconf 67' lang='lat' dir='ltr'>mem,</span> 
     </span>
     <span class='ocr_line' id='line_1_7' title="bbox 75 600 747 669; baseline 0.003 -19"><span class='ocrx_word' id='word_1_37' title='bbox 75 600 108 650; x_wconf 82' lang='lat' dir='ltr'>ibi</span> <span class='ocrx_word' id='word_1_38' title='bbox 124 602 277 665; x_wconf 75' lang='lat' dir='ltr'>Marcellum,</span> <span class='ocrx_word' id='word_1_39' title='bbox 294 605 406 669; x_wconf 76' lang='lat' dir='ltr'>collegam</span> <span class='ocrx_word' id='word_1_40' title='bbox 421 616 533 666; x_wconf 81' lang='lat' dir='ltr'>nostrum,</span> <span class='ocrx_word' id='word_1_41' title='bbox 550 606 747 660; x_wconf 59' lang='lat' dir='ltr'>convenirem·</span> 
     </span>
    </p>

    <p class='ocr_par' dir='ltr' id='par_1_3' title="bbox 64 666 748 990">
     <span class='ocr_line' id='line_1_8' title="bbox 130 666 747 730; baseline 0.002 -16"><span class='ocrx_word' id='word_1_42' title='bbox 130 666 195 715; x_wconf 80' lang='lat' dir='ltr'>diem</span> <span class='ocrx_word' id='word_1_43' title='bbox 212 668 246 716; x_wconf 90' lang='lat' dir='ltr'>ibi</span> <span class='ocrx_word' id='word_1_44' title='bbox 262 669 386 730; x_wconf 86' lang='lat' dir='ltr'>consumsi,</span> <span class='ocrx_word' id='word_1_45' title='bbox 402 679 429 718; x_wconf 88' lang='lat' dir='ltr'>ut</span> <span class='ocrx_word' id='word_1_46' title='bbox 441 669 494 718; x_wconf 80' lang='lat' dir='ltr'>c&#39;um</span> <span class='ocrx_word' id='word_1_47' title='bbox 512 685 539 718; x_wconf 83' lang='lat' dir='ltr'>aa</span> <span class='ocrx_word' id='word_1_48' title='bbox 555 685 635 718; x_wconf 78' lang='lat' dir='ltr'>essem.</span> <span class='ocrx_word' id='word_1_49' title='bbox 651 670 747 717; x_wconf 85' lang='lat' dir='ltr'>Postero</span> 
     </span>
     <span class='ocr_line' id='line_1_9' title="bbox 75 681 746 798; baseline -0.001 -19"><span class='ocrx_word' id='word_1_50' title='bbox 75 681 190 789; x_wconf 44' lang='lat' dir='ltr'>Eicitur</span> <span class='ocrx_word' id='word_1_51' title='bbox 206 734 238 780; x_wconf 80' lang='lat' dir='ltr'>ab</span> <span class='ocrx_word' id='word_1_52' title='bbox 255 748 282 781; x_wconf 85' lang='lat' dir='ltr'>eo</span> <span class='ocrx_word' id='word_1_53' title='bbox 294 733 408 798; x_wconf 80' lang='lat' dir='ltr'>digressus</span> <span class='ocrx_word' id='word_1_54' title='bbox 422 750 493 783; x_wconf 80' lang='lat' dir='ltr'>essem</span> <span class='ocrx_word' id='word_1_55' title='bbox 507 749 534 781; x_wconf 83' lang='lat' dir='ltr'>aa</span> <span class='ocrx_word' id='word_1_56' title='bbox 547 734 648 793; x_wconf 82' lang='lat' dir='ltr'>consilio,</span> <span class='ocrx_word' id='word_1_57' title='bbox 663 742 690 781; x_wconf 89' lang='lat' dir='ltr'>ut</span> <span class='ocrx_word' id='word_1_58' title='bbox 704 731 746 792; x_wconf 87' lang='lat' dir='ltr'>[ab</span> 
     </span>
     <span class='ocr_line' id='line_1_10' title="bbox 74 794 748 861; baseline 0.003 -20"><span class='ocrx_word' id='word_1_59' title='bbox 74 794 190 860; x_wconf 66' lang='lat' dir='ltr'>Athesis]</span> <span class='ocrx_word' id='word_1_60' title='bbox 210 796 235 844; x_wconf 90' lang='lat' dir='ltr'>in</span> <span class='ocrx_word' id='word_1_61' title='bbox 252 798 366 846; x_wconf 82' lang='lat' dir='ltr'>Boeatiam</span> <span class='ocrx_word' id='word_1_62' title='bbox 384 799 452 855; x_wconf 87' lang='lat' dir='ltr'>irem,</span> <span class='ocrx_word' id='word_1_63' title='bbox 470 799 627 861; x_wconf 79' lang='lat' dir='ltr'>reliquamque</span> <span class='ocrx_word' id='word_1_64' title='bbox 641 796 748 858; x_wconf 84' lang='lat' dir='ltr'>jurisdic-</span> 
     </span>
     <span class='ocr_line' id='line_1_11' title="bbox 75 857 748 926; baseline -0.001 -19"><span class='ocrx_word' id='word_1_65' title='bbox 75 857 163 908; x_wconf 77' lang='lat' dir='ltr'><strong>tionem</strong></span> <span class='ocrx_word' id='word_1_66' title='bbox 182 861 338 920; x_wconf 72' lang='lat' dir='ltr'>absolveram</span> <span class='ocrx_word' id='word_1_67' title='bbox 355 863 404 922; x_wconf 85' lang='lat' dir='ltr'>ille,</span> <span class='ocrx_word' id='word_1_68' title='bbox 423 863 459 909; x_wconf 85' lang='lat' dir='ltr'>uti</span> <span class='ocrx_word' id='word_1_69' title='bbox 476 858 560 922; x_wconf 79' lang='lat' dir='ltr'>aiebat,</span> <span class='ocrx_word' id='word_1_70' title='bbox 575 877 645 926; x_wconf 84' lang='lat' dir='ltr'>supra</span> <span class='ocrx_word' id='word_1_71' title='bbox 657 860 748 908; x_wconf 82' lang='lat' dir='ltr'>Maleas</span> 
     </span>
     <span class='ocr_line' id='line_1_12' title="bbox 64 921 521 990; baseline 0.004 -19"><span class='ocrx_word' id='word_1_72' title='bbox 64 921 100 971; x_wconf 80' lang='lat' dir='ltr'>-in</span> <span class='ocrx_word' id='word_1_73' title='bbox 111 924 208 972; x_wconf 80' lang='lat' dir='ltr'>Italiam</span> <span class='ocrx_word' id='word_1_74' title='bbox 219 941 297 974; x_wconf 81' lang='lat' dir='ltr'>versus</span> <span class='ocrx_word' id='word_1_75' title='bbox 307 927 455 990; x_wconf 77' lang='lat' dir='ltr'><strong>navigaturus</strong></span> <span class='ocrx_word' id='word_1_76' title='bbox 466 936 521 974; x_wconf 78' lang='lat' dir='ltr'>erat.</span> 
     </span>
    </p>

    <p class='ocr_par' dir='ltr' id='par_1_4' title="bbox 65 987 751 1631">
     <span class='ocr_line' id='line_1_13' title="bbox 108 987 748 1054; baseline -0.003 -18"><span class='ocrx_word' id='word_1_77' title='bbox 108 988 226 1038; x_wconf 75' lang='lat' dir='ltr'>Postridie</span> <span class='ocrx_word' id='word_1_78' title='bbox 238 991 288 1051; x_wconf 85' lang='lat' dir='ltr'>ejus</span> <span class='ocrx_word' id='word_1_79' title='bbox 300 991 354 1051; x_wconf 85' lang='lat' dir='ltr'>diei,</span> <span class='ocrx_word' id='word_1_80' title='bbox 369 1006 424 1038; x_wconf 89' lang='lat' dir='ltr'>cum</span> <span class='ocrx_word' id='word_1_81' title='bbox 438 993 468 1038; x_wconf 86' lang='lat' dir='ltr'>ab</span> <span class='ocrx_word' id='word_1_82' title='bbox 483 990 583 1039; x_wconf 83' lang='lat' dir='ltr'>Athenis</span> <span class='ocrx_word' id='word_1_83' title='bbox 597 987 710 1054; x_wconf 85' lang='lat' dir='ltr'>proficisci</span> <span class='ocrx_word' id='word_1_84' title='bbox 723 987 748 1034; x_wconf 90' lang='lat' dir='ltr'>in</span> 
     </span>
     <span class='ocr_line' id='line_1_14' title="bbox 75 1052 749 1113; baseline -0.003 -13"><span class='ocrx_word' id='word_1_85' title='bbox 75 1053 156 1100; x_wconf 68' lang='lat' dir='ltr'>ntimo</span> <span class='ocrx_word' id='word_1_86' title='bbox 166 1052 284 1113; x_wconf 86' lang='lat' dir='ltr'>haberem,</span> <span class='ocrx_word' id='word_1_87' title='bbox 296 1055 383 1102; x_wconf 77' lang='lat' dir='ltr'>circiter</span> <span class='ocrx_word' id='word_1_88' title='bbox 396 1056 454 1103; x_wconf 71' lang='lat' dir='ltr'>hori</span> <span class='ocrx_word' id='word_1_89' title='bbox 464 1055 553 1103; x_wconf 73' lang='lat' dir='ltr'>decimi</span> <span class='ocrx_word' id='word_1_90' title='bbox 567 1054 640 1102; x_wconf 81' lang='lat' dir='ltr'>noctis</span> <span class='ocrx_word' id='word_1_91' title='bbox 651 1053 679 1100; x_wconf 88' lang='lat' dir='ltr'>P.</span> <span class='ocrx_word' id='word_1_92' title='bbox 692 1053 749 1099; x_wconf 89' lang='lat' dir='ltr'>Pos-</span> 
     </span>
     <span class='ocr_line' id='line_1_15' title="bbox 73 1117 749 1187; baseline -0.003 -22"><span class='ocrx_word' id='word_1_93' title='bbox 73 1117 176 1187; x_wconf 76' lang='lat' dir='ltr'>tumius,</span> <span class='ocrx_word' id='word_1_94' title='bbox 193 1118 313 1166; x_wconf 77' lang='lat' dir='ltr'>familiaris</span> <span class='ocrx_word' id='word_1_95' title='bbox 330 1121 387 1182; x_wconf 88' lang='lat' dir='ltr'>ejus,</span> <span class='ocrx_word' id='word_1_96' title='bbox 403 1120 434 1167; x_wconf 86' lang='lat' dir='ltr'>ad</span> <span class='ocrx_word' id='word_1_97' title='bbox 445 1120 567 1180; x_wconf 83' lang='lat' dir='ltr'>mevenit,</span> <span class='ocrx_word' id='word_1_98' title='bbox 583 1127 606 1167; x_wconf 86' lang='lat' dir='ltr'>et</span> <span class='ocrx_word' id='word_1_99' title='bbox 619 1117 678 1165; x_wconf 88' lang='lat' dir='ltr'>mihi</span> <span class='ocrx_word' id='word_1_100' title='bbox 688 1130 749 1163; x_wconf 88' lang='lat' dir='ltr'>nun-</span> 
     </span>
     <span class='ocr_line' id='line_1_16' title="bbox 74 1180 749 1248; baseline -0.001 -20"><span class='ocrx_word' id='word_1_101' title='bbox 74 1180 153 1242; x_wconf 76' lang='lat' dir='ltr'>tiavit,</span> <span class='ocrx_word' id='word_1_102' title='bbox 165 1180 203 1228; x_wconf 89' lang='grc' dir='ltr'>Μ.</span> <span class='ocrx_word' id='word_1_103' title='bbox 216 1182 364 1242; x_wconf 82' lang='lat' dir='ltr'>Marcellum,</span> <span class='ocrx_word' id='word_1_104' title='bbox 376 1184 487 1248; x_wconf 74' lang='lat' dir='ltr'>collegam</span> <span class='ocrx_word' id='word_1_105' title='bbox 498 1193 611 1243; x_wconf 73' lang='lat' dir='ltr'>nostram,</span> <span class='ocrx_word' id='word_1_106' title='bbox 617 1191 671 1246; x_wconf 87' lang='lat' dir='ltr'>post</span> <span class='ocrx_word' id='word_1_107' title='bbox 678 1195 749 1231; x_wconf 78' lang='lat' dir='ltr'>amna</span> 
     </span>
     <span class='ocr_line' id='line_1_17' title="bbox 75 1245 749 1322; baseline -0.003 -29"><span class='ocrx_word' id='word_1_108' title='bbox 75 1252 180 1310; x_wconf 80' lang='lat' dir='ltr'>tempus,</span> <span class='ocrx_word' id='word_1_109' title='bbox 192 1261 207 1293; x_wconf 89' lang='lat' dir='ltr'>a</span> <span class='ocrx_word' id='word_1_110' title='bbox 217 1246 246 1293; x_wconf 89' lang='lat' dir='ltr'>P.</span> <span class='ocrx_word' id='word_1_111' title='bbox 258 1247 340 1311; x_wconf 77' lang='lat' dir='ltr'>Magia</span> <span class='ocrx_word' id='word_1_112' title='bbox 351 1248 440 1308; x_wconf 85' lang='lat' dir='ltr'>Cilone,</span> <span class='ocrx_word' id='word_1_113' title='bbox 451 1249 564 1296; x_wconf 78' lang='lat' dir='ltr'>familiare</span> <span class='ocrx_word' id='word_1_114' title='bbox 572 1248 632 1322; x_wconf 70' lang='lat' dir='ltr'>ejus,</span> <span class='ocrx_word' id='word_1_115' title='bbox 647 1245 749 1319; x_wconf 82' lang='lat' dir='ltr'>pugione</span> 
     </span>
     <span class='ocr_line' id='line_1_18' title="bbox 65 1439 749 1504; baseline -0.004 -17"><span class='ocrx_word' id='word_1_116' title='bbox 65 1449 130 1487; x_wconf 65' lang='lat' dir='ltr'>zrare</span> <span class='ocrx_word' id='word_1_117' title='bbox 140 1448 228 1499; x_wconf 84' lang='lat' dir='ltr'>tamen,</span> <span class='ocrx_word' id='word_1_118' title='bbox 235 1455 290 1487; x_wconf 88' lang='lat' dir='ltr'>eum</span> <span class='ocrx_word' id='word_1_119' title='bbox 299 1440 375 1488; x_wconf 84' lang='lat' dir='ltr'>vivere</span> <span class='ocrx_word' id='word_1_120' title='bbox 385 1455 464 1504; x_wconf 84' lang='lat' dir='ltr'>posse:</span> <span class='ocrx_word' id='word_1_121' title='bbox 483 1441 592 1502; x_wconf 74' lang='lat' dir='ltr'>lllaginm</span> <span class='ocrx_word' id='word_1_122' title='bbox 603 1439 706 1502; x_wconf 86' lang='lat' dir='ltr'>seipsum</span> <span class='ocrx_word' id='word_1_123' title='bbox 713 1452 749 1484; x_wconf 86' lang='lat' dir='ltr'>rn-</span> 
     </span>
     <span class='ocr_line' id='line_1_19' title="bbox 76 1503 751 1567; baseline -0.006 -15"><span class='ocrx_word' id='word_1_124' title='bbox 76 1503 207 1552; x_wconf 74' lang='lat' dir='ltr'>terlecissez</span> <span class='ocrx_word' id='word_1_125' title='bbox 230 1512 310 1567; x_wconf 87' lang='lat' dir='ltr'>postea</span> <span class='ocrx_word' id='word_1_126' title='bbox 330 1520 354 1552; x_wconf 93' lang='lat' dir='ltr'>se</span> <span class='ocrx_word' id='word_1_127' title='bbox 375 1520 390 1552; x_wconf 91' lang='lat' dir='ltr'>a</span> <span class='ocrx_word' id='word_1_128' title='bbox 410 1504 523 1552; x_wconf 81' lang='lat' dir='ltr'>Marcello</span> <span class='ocrx_word' id='word_1_129' title='bbox 544 1503 574 1550; x_wconf 84' lang='lat' dir='ltr'>ad</span> <span class='ocrx_word' id='word_1_130' title='bbox 594 1517 633 1550; x_wconf 90' lang='lat' dir='ltr'>me</span> <span class='ocrx_word' id='word_1_131' title='bbox 654 1503 751 1549; x_wconf 81' lang='lat' dir='ltr'>missum</span> 
     </span>
     <span class='ocr_line' id='line_1_20' title="bbox 78 1565 751 1631; baseline -0.001 -17"><span class='ocrx_word' id='word_1_132' title='bbox 78 1582 136 1627; x_wconf 85' lang='lat' dir='ltr'>esse,</span> <span class='ocrx_word' id='word_1_133' title='bbox 147 1567 189 1631; x_wconf 84' lang='lat' dir='ltr'>qni</span> <span class='ocrx_word' id='word_1_134' title='bbox 203 1567 254 1616; x_wconf 76' lang='lat' dir='ltr'>hac</span> <span class='ocrx_word' id='word_1_135' title='bbox 270 1568 393 1625; x_wconf 80' lang='lat' dir='ltr'>nuntiaret,</span> <span class='ocrx_word' id='word_1_136' title='bbox 405 1578 428 1615; x_wconf 88' lang='lat' dir='ltr'>et</span> <span class='ocrx_word' id='word_1_137' title='bbox 440 1576 538 1630; x_wconf 81' lang='lat' dir='ltr'>rogaret,</span> <span class='ocrx_word' id='word_1_138' title='bbox 549 1567 584 1614; x_wconf 89' lang='lat' dir='ltr'>uti</span> <span class='ocrx_word' id='word_1_139' title='bbox 598 1565 699 1616; x_wconf 83' lang='lat' dir='ltr'>medicas</span> <span class='ocrx_word' id='word_1_140' title='bbox 713 1580 751 1613; x_wconf 86' lang='lat' dir='ltr'>ao·</span> 
     </span>
    </p>

    <p class='ocr_par' dir='ltr' id='par_1_5' title="bbox 76 1626 751 1744">
     <span class='ocr_line' id='line_1_21' title="bbox 76 1626 751 1743; baseline -0.007 -62"><span class='ocrx_word' id='word_1_141' title='bbox 76 1646 165 1743; x_wconf 48' lang='lat' dir='ltr'>{erem</span> <span class='ocrx_word' id='word_1_142' title='bbox 182 1631 298 1697; x_wconf 46' lang='lat' dir='ltr'>coligi&amp;</span> <span class='ocrx_word' id='word_1_143' title='bbox 311 1632 431 1696; x_wconf 81' lang='lat' dir='ltr'>evestigio</span> <span class='ocrx_word' id='word_1_144' title='bbox 445 1626 751 1697; x_wconf 71' lang='lat' dir='ltr'>eosnmprofectusprimi</span> 
     </span>
     <span class='ocr_line' id='line_1_22' title="bbox 90 1711 140 1744; baseline -0.02 0"><span class='ocrx_word' id='word_1_145' title='bbox 90 1711 140 1744; x_wconf 82' lang='lat' dir='ltr'>nce.</span> 
     </span>
    </p>

    <p class='ocr_par' dir='ltr' id='par_1_6' title="bbox 76 1758 753 2453">
     <span class='ocr_line' id='line_1_23' title="bbox 111 1758 750 1825; baseline -0.005 -16"><span class='ocrx_word' id='word_1_146' title='bbox 111 1760 174 1809; x_wconf 84' lang='lat' dir='ltr'>Cum</span> <span class='ocrx_word' id='word_1_147' title='bbox 184 1776 232 1809; x_wconf 88' lang='lat' dir='ltr'>non</span> <span class='ocrx_word' id='word_1_148' title='bbox 242 1761 310 1825; x_wconf 79' lang='lat' dir='ltr'>longe</span> <span class='ocrx_word' id='word_1_149' title='bbox 322 1777 338 1810; x_wconf 80' lang='lat' dir='ltr'>a</span> <span class='ocrx_word' id='word_1_150' title='bbox 352 1761 439 1809; x_wconf 72' lang='lat' dir='ltr'>Piraeo</span> <span class='ocrx_word' id='word_1_151' title='bbox 454 1763 565 1820; x_wconf 85' lang='lat' dir='ltr'>abessem,</span> <span class='ocrx_word' id='word_1_152' title='bbox 582 1775 640 1824; x_wconf 88' lang='lat' dir='ltr'>puer</span> <span class='ocrx_word' id='word_1_153' title='bbox 648 1758 750 1815; x_wconf 29' lang='lat' dir='ltr'>,Acidini</span> 
     </span>
     <span class='ocr_line' id='line_1_24' title="bbox 76 1825 751 1883; baseline -0.004 -9"><span class='ocrx_word' id='word_1_154' title='bbox 76 1825 172 1874; x_wconf 84' lang='lat' dir='ltr'>obviarn</span> <span class='ocrx_word' id='word_1_155' title='bbox 191 1826 251 1873; x_wconf 88' lang='lat' dir='ltr'>mihi</span> <span class='ocrx_word' id='word_1_156' title='bbox 269 1825 331 1874; x_wconf 68' lang='lat' dir='ltr'>&#39;venit</span> <span class='ocrx_word' id='word_1_157' title='bbox 348 1842 402 1873; x_wconf 85' lang='lat' dir='ltr'>cum</span> <span class='ocrx_word' id='word_1_158' title='bbox 420 1825 536 1883; x_wconf 78' lang='lat' dir='ltr'>codicillis,</span> <span class='ocrx_word' id='word_1_159' title='bbox 556 1825 581 1872; x_wconf 90' lang='lat' dir='ltr'>in</span> <span class='ocrx_word' id='word_1_160' title='bbox 615 1825 683 1872; x_wconf 85' lang='lat' dir='ltr'>uibus</span> <span class='ocrx_word' id='word_1_161' title='bbox 702 1833 751 1872; x_wconf 85' lang='lat' dir='ltr'>erat</span> 
     </span>
     <span class='ocr_line' id='line_1_25' title="bbox 77 1889 750 1954; baseline -0.003 -17"><span class='ocrx_word' id='word_1_162' title='bbox 77 1889 200 1954; x_wconf 84' lang='lat' dir='ltr'>scriptum,</span> <span class='ocrx_word' id='word_1_163' title='bbox 212 1890 282 1953; x_wconf 87' lang='lat' dir='ltr'>paulo</span> <span class='ocrx_word' id='word_1_164' title='bbox 296 1890 349 1938; x_wconf 81' lang='lat' dir='ltr'>a&#39;nte</span> <span class='ocrx_word' id='word_1_165' title='bbox 360 1890 436 1938; x_wconf 84' lang='lat' dir='ltr'>lucem</span> <span class='ocrx_word' id='word_1_166' title='bbox 452 1890 592 1938; x_wconf 81' lang='lat' dir='ltr'>Marcellum</span> <span class='ocrx_word' id='word_1_167' title='bbox 620 1889 664 1936; x_wconf 88' lang='lat' dir='ltr'>&#39;em</span> <span class='ocrx_word' id='word_1_168' title='bbox 680 1904 750 1936; x_wconf 88' lang='lat' dir='ltr'>suam</span> 
     </span>
     <span class='ocr_line' id='line_1_26' title="bbox 77 1953 750 2002; baseline -0.003 0"><span class='ocrx_word' id='word_1_169' title='bbox 77 1954 169 2002; x_wconf 77' lang='lat' dir='ltr'>obiisse</span> <span class='ocrx_word' id='word_1_170' title='bbox 194 1955 232 2002; x_wconf 81' lang='lat' dir='ltr'>Ita</span> <span class='ocrx_word' id='word_1_171' title='bbox 256 1954 292 2002; x_wconf 79' lang='lat' dir='ltr'>vir</span> <span class='ocrx_word' id='word_1_172' title='bbox 310 1954 449 2002; x_wconf 85' lang='lat' dir='ltr'>clarissimus</span> <span class='ocrx_word' id='word_1_173' title='bbox 467 1956 497 2002; x_wconf 85' lang='lat' dir='ltr'>ab</span> <span class='ocrx_word' id='word_1_174' title='bbox 515 1954 610 2001; x_wconf 84' lang='lat' dir='ltr'>homine</span> <span class='ocrx_word' id='word_1_175' title='bbox 628 1953 750 2001; x_wconf 86' lang='lat' dir='ltr'>deterrimo</span> 
     </span>
     <span class='ocr_line' id='line_1_27' title="bbox 78 2017 751 2080; baseline -0.004 -14"><span class='ocrx_word' id='word_1_176' title='bbox 78 2018 227 2066; x_wconf 66' lang='lat' dir='ltr'>acerbissimi</span> <span class='ocrx_word' id='word_1_177' title='bbox 237 2027 311 2066; x_wconf 86' lang='lat' dir='ltr'>morte</span> <span class='ocrx_word' id='word_1_178' title='bbox 325 2027 359 2066; x_wconf 85' lang='lat' dir='ltr'>est</span> <span class='ocrx_word' id='word_1_179' title='bbox 369 2018 477 2066; x_wconf 80' lang='lat' dir='ltr'>affectus:</span> <span class='ocrx_word' id='word_1_180' title='bbox 495 2027 526 2077; x_wconf 89' lang='lat' dir='ltr'>et,</span> <span class='ocrx_word' id='word_1_181' title='bbox 537 2019 575 2066; x_wconf 86' lang='lat' dir='ltr'>eui</span> <span class='ocrx_word' id='word_1_182' title='bbox 585 2017 672 2064; x_wconf 86' lang='lat' dir='ltr'>inimici</span> <span class='ocrx_word' id='word_1_183' title='bbox 682 2032 751 2080; x_wconf 83' lang='lat' dir='ltr'>prop-</span> 
     </span>
     <span class='ocr_line' id='line_1_28' title="bbox 78 2081 751 2147; baseline -0.004 -16"><span class='ocrx_word' id='word_1_184' title='bbox 78 2085 114 2131; x_wconf 78' lang='lat' dir='ltr'>ter</span> <span class='ocrx_word' id='word_1_185' title='bbox 125 2083 262 2146; x_wconf 80' lang='lat' dir='ltr'>dignitatem</span> <span class='ocrx_word' id='word_1_186' title='bbox 272 2091 428 2147; x_wconf 79' lang='lat' dir='ltr'>pepercerant,</span> <span class='ocrx_word' id='word_1_187' title='bbox 439 2083 546 2130; x_wconf 86' lang='lat' dir='ltr'>inventus</span> <span class='ocrx_word' id='word_1_188' title='bbox 557 2090 590 2130; x_wconf 85' lang='lat' dir='ltr'>est</span> <span class='ocrx_word' id='word_1_189' title='bbox 601 2081 696 2141; x_wconf 84' lang='lat' dir='ltr'>amicus,</span> <span class='ocrx_word' id='word_1_190' title='bbox 709 2081 751 2144; x_wconf 91' lang='lat' dir='ltr'>qui</span> 
     </span>
     <span class='ocr_line' id='line_1_29' title="bbox 79 2146 751 2210; baseline -0.003 -15"><span class='ocrx_word' id='word_1_191' title='bbox 79 2147 102 2195; x_wconf 86' lang='lat' dir='ltr'>ei</span> <span class='ocrx_word' id='word_1_192' title='bbox 118 2157 218 2196; x_wconf 84' lang='lat' dir='ltr'>mortem</span> <span class='ocrx_word' id='word_1_193' title='bbox 236 2148 332 2196; x_wconf 77' lang='lat' dir='ltr'>afferret</span> <span class='ocrx_word' id='word_1_194' title='bbox 356 2147 410 2210; x_wconf 85' lang='lat' dir='ltr'>Ego</span> <span class='ocrx_word' id='word_1_195' title='bbox 433 2156 511 2194; x_wconf 79' lang='lat' dir='ltr'>tamen</span> <span class='ocrx_word' id='word_1_196' title='bbox 530 2146 559 2193; x_wconf 84' lang='lat' dir='ltr'>ad</span> <span class='ocrx_word' id='word_1_197' title='bbox 577 2147 751 2194; x_wconf 84' lang='lat' dir='ltr'>tabernaculum</span> 
     </span>
     <span class='ocr_line' id='line_1_30' title="bbox 80 2210 752 2276; baseline -0.004 -17"><span class='ocrx_word' id='word_1_198' title='bbox 80 2213 132 2274; x_wconf 84' lang='lat' dir='ltr'>&#39;ejus</span> <span class='ocrx_word' id='word_1_199' title='bbox 143 2213 241 2276; x_wconf 79' lang='lat' dir='ltr'>perrexi</span> <span class='ocrx_word' id='word_1_200' title='bbox 259 2213 341 2261; x_wconf 80' lang='lat' dir='ltr'>Inveni</span> <span class='ocrx_word' id='word_1_201' title='bbox 356 2212 413 2259; x_wconf 86' lang='lat' dir='ltr'>duos</span> <span class='ocrx_word' id='word_1_202' title='bbox 429 2211 530 2270; x_wconf 80' lang='lat' dir='ltr'>libertos,</span> <span class='ocrx_word' id='word_1_203' title='bbox 547 2219 570 2258; x_wconf 89' lang='lat' dir='ltr'>et</span> <span class='ocrx_word' id='word_1_204' title='bbox 580 2210 690 2274; x_wconf 85' lang='lat' dir='ltr'>pauculos</span> <span class='ocrx_word' id='word_1_205' title='bbox 706 2225 752 2257; x_wconf 85' lang='lat' dir='ltr'>ser-</span> 
     </span>
     <span class='ocr_line' id='line_1_31' title="bbox 82 2275 751 2339; baseline -0.004 -14"><span class='ocrx_word' id='word_1_206' title='bbox 82 2291 138 2325; x_wconf 82' lang='lat' dir='ltr'>vos:</span> <span class='ocrx_word' id='word_1_207' title='bbox 156 2277 256 2339; x_wconf 86' lang='lat' dir='ltr'>reliquos</span> <span class='ocrx_word' id='word_1_208' title='bbox 273 2277 364 2325; x_wconf 83' lang='lat' dir='ltr'>aiebant</span> <span class='ocrx_word' id='word_1_209' title='bbox 379 2275 515 2339; x_wconf 69' lang='lat' dir='ltr'>profligisse,</span> <span class='ocrx_word' id='word_1_210' title='bbox 534 2284 599 2323; x_wconf 86' lang='lat' dir='ltr'>metu</span> <span class='ocrx_word' id='word_1_211' title='bbox 613 2276 751 2339; x_wconf 71' lang='lat' dir='ltr'>perterritos,</span> 
     </span>
     <span class='ocr_line' id='line_1_32' title="bbox 80 2339 753 2403; baseline -0.001 -17"><span class='ocrx_word' id='word_1_212' title='bbox 80 2339 146 2403; x_wconf 87' lang='lat' dir='ltr'>quod</span> <span class='ocrx_word' id='word_1_213' title='bbox 156 2339 265 2389; x_wconf 86' lang='lat' dir='ltr'>(lominus</span> <span class='ocrx_word' id='word_1_214' title='bbox 275 2355 356 2388; x_wconf 85' lang='lat' dir='ltr'>eornm</span> <span class='ocrx_word' id='word_1_215' title='bbox 370 2351 424 2388; x_wconf 87' lang='lat' dir='ltr'>ante</span> <span class='ocrx_word' id='word_1_216' title='bbox 433 2340 607 2388; x_wconf 81' lang='lat' dir='ltr'>tabernaculum</span> <span class='ocrx_word' id='word_1_217' title='bbox 621 2340 753 2387; x_wconf 79' lang='lat' dir='ltr'>interiectus</span> 
     </span>
     <span class='ocr_line' id='line_1_33' title="bbox 82 2408 402 2453; baseline -0.013 0"><span class='ocrx_word' id='word_1_218' title='bbox 82 2412 148 2453; x_wconf 57' lang='lat' dir='ltr'>met·</span> <span class='ocrx_word' id='word_1_219' title='bbox 399 2408 402 2417; x_wconf 78' lang='lat'><em>&#39;</em></span> 
     </span>
    </p>

    <p class='ocr_par' dir='ltr' id='par_1_7' title="bbox 79 2464 773 2722">
     <span class='ocr_line' id='line_1_34' title="bbox 114 2464 754 2534; baseline -0.008 -18"><span class='ocrx_word' id='word_1_220' title='bbox 114 2468 215 2516; x_wconf 84' lang='lat' dir='ltr'>Coactus</span> <span class='ocrx_word' id='word_1_221' title='bbox 225 2484 286 2529; x_wconf 82' lang='lat' dir='ltr'>nnn,</span> <span class='ocrx_word' id='word_1_222' title='bbox 298 2469 323 2517; x_wconf 89' lang='lat' dir='ltr'>in</span> <span class='ocrx_word' id='word_1_223' title='bbox 334 2468 414 2518; x_wconf 66' lang='lat' dir='ltr'>ecdem</span> <span class='ocrx_word' id='word_1_224' title='bbox 424 2469 465 2518; x_wconf 73' lang='lat' dir='ltr'>illl</span> <span class='ocrx_word' id='word_1_225' title='bbox 475 2469 563 2529; x_wconf 75' lang='lat' dir='ltr'>lecticl,</span> <span class='ocrx_word' id='word_1_226' title='bbox 575 2468 623 2534; x_wconf 72' lang='lat' dir='ltr'>qui</span> <span class='ocrx_word' id='word_1_227' title='bbox 632 2467 680 2530; x_wconf 89' lang='lat' dir='ltr'>ipse</span> <span class='ocrx_word' id='word_1_228' title='bbox 690 2464 754 2512; x_wconf 85' lang='lat' dir='ltr'>dela·</span> 
     </span>
     <span class='ocr_line' id='line_1_35' title="bbox 81 2529 751 2598; baseline -0.009 -18"><span class='ocrx_word' id='word_1_229' title='bbox 81 2541 120 2580; x_wconf 87' lang='lat' dir='ltr'>tas</span> <span class='ocrx_word' id='word_1_230' title='bbox 131 2530 204 2591; x_wconf 76' lang='lat' dir='ltr'>erim,</span> <span class='ocrx_word' id='word_1_231' title='bbox 215 2535 319 2598; x_wconf 82' lang='lat' dir='ltr'>meisque</span> <span class='ocrx_word' id='word_1_232' title='bbox 328 2534 455 2591; x_wconf 81' lang='lat' dir='ltr'>lecticariis,</span> <span class='ocrx_word' id='word_1_233' title='bbox 463 2534 488 2580; x_wconf 87' lang='lat' dir='ltr'>in</span> <span class='ocrx_word' id='word_1_234' title='bbox 496 2536 578 2582; x_wconf 76' lang='lat' dir='ltr'>urbem</span> <span class='ocrx_word' id='word_1_235' title='bbox 588 2546 643 2578; x_wconf 88' lang='lat' dir='ltr'>eum</span> <span class='ocrx_word' id='word_1_236' title='bbox 654 2529 751 2576; x_wconf 85' lang='lat' dir='ltr'>referre:</span> 
     </span>
     <span class='ocr_line' id='line_1_36' title="bbox 80 2591 756 2662; baseline 0 -19"><span class='ocrx_word' id='word_1_237' title='bbox 80 2596 170 2659; x_wconf 72' lang='lat' dir='ltr'>ibique,</span> <span class='ocrx_word' id='word_1_238' title='bbox 179 2612 222 2659; x_wconf 82' lang='lat' dir='ltr'>pro</span> <span class='ocrx_word' id='word_1_239' title='bbox 233 2597 261 2646; x_wconf 67' lang='lat' dir='ltr'>el</span> <span class='ocrx_word' id='word_1_240' title='bbox 271 2595 336 2661; x_wconf 72' lang='lat' dir='ltr'>capii</span> <span class='ocrx_word' id='word_1_241' title='bbox 346 2615 398 2662; x_wconf 85' lang='lat' dir='ltr'>quae</span> <span class='ocrx_word' id='word_1_242' title='bbox 407 2598 510 2647; x_wconf 83' lang='lat' dir='ltr'>Athenis</span> <span class='ocrx_word' id='word_1_243' title='bbox 517 2604 576 2656; x_wconf 85' lang='lat' dir='ltr'>erat,</span> <span class='ocrx_word' id='word_1_244' title='bbox 586 2595 658 2643; x_wconf 78' lang='lat' dir='ltr'>lnnns</span> <span class='ocrx_word' id='word_1_245' title='bbox 667 2591 691 2640; x_wconf 84' lang='lat' dir='ltr'>ei</span> <span class='ocrx_word' id='word_1_246' title='bbox 698 2591 756 2643; x_wconf 73' lang='lat' dir='ltr'>setis</span> 
     </span>
     <span class='ocr_line' id='line_1_37' title="bbox 79 2657 773 2722; baseline 0 -16"><span class='ocrx_word' id='word_1_247' title='bbox 79 2660 188 2722; x_wconf 59' lang='lat' dir='ltr'>amplam</span> <span class='ocrx_word' id='word_1_248' title='bbox 200 2660 332 2711; x_wconf 67' lang='lat' dir='ltr'>Mardum</span> <span class='ocrx_word' id='word_1_249' title='bbox 351 2664 440 2714; x_wconf 84' lang='lat' dir='ltr'>curavi.</span> <span class='ocrx_word' id='word_1_250' title='bbox 459 2665 500 2715; x_wconf 77' lang='lat' dir='ltr'>Ab</span> <span class='ocrx_word' id='word_1_251' title='bbox 520 2657 773 2719; x_wconf 53' lang='lat' dir='ltr'>Atheniensium,</span> 
     </span>
    </p>
   </div>
   <div class='ocr_carea' id='block_1_3' title="bbox 0 0 839 2948">
    <p class='ocr_par' dir='ltr' id='par_1_8' title="bbox 0 0 839 2948">
     <span class='ocr_line' id='line_1_38' title="bbox 0 0 839 2948; baseline 0 0"><span class='ocrx_word' id='word_1_252' title='bbox 0 0 839 2948; x_wconf 95' lang='lat' dir='ltr'> </span> 
     </span>
    </p>
   </div>
  </div>
 </body>
</html>
