<?xml version="1.0" encoding="UTF-8"?>
<!DOCTYPE html PUBLIC "-//W3C//DTD XHTML 1.0 Transitional//EN"
    "http://www.w3.org/TR/xhtml1/DTD/xhtml1-transitional.dtd">
<html xmlns="http://www.w3.org/1999/xhtml" xml:lang="en" lang="en">
 <head>
  <title>
</title>
<meta http-equiv="Content-Type" content="text/html;charset=utf-8" />
  <meta name='ocr-system' content='tesseract 3.04.00' />
  <meta name='ocr-capabilities' content='ocr_page ocr_carea ocr_par ocr_line ocrx_word'/>
</head>
<body>
  <div class='ocr_page' id='page_1' title='image "./operaexeditioni00cicegoog_0370.png"; bbox 0 0 1650 2948; ppageno 0'>
   <div class='ocr_carea' id='block_1_1' title="bbox 78 163 642 219">
    <p class='ocr_par' dir='ltr' id='par_1_1' title="bbox 78 163 642 219">
     <span class='ocr_line' id='line_1_1' title="bbox 78 163 642 219; baseline -0.014 0"><span class='ocrx_word' id='word_1_1' title='bbox 78 173 127 219; x_wconf 73' lang='grc'><strong>351</strong></span> <span class='ocrx_word' id='word_1_2' title='bbox 192 167 243 216; x_wconf 82' lang='grc' dir='ltr'><strong>ΑΙ)</strong></span> <span class='ocrx_word' id='word_1_3' title='bbox 259 163 439 215; x_wconf 70' lang='lat' dir='ltr'><strong>mvnltson</strong></span> <span class='ocrx_word' id='word_1_4' title='bbox 456 163 518 213; x_wconf 78' lang='lat' dir='ltr'><strong>lant.</strong></span> <span class='ocrx_word' id='word_1_5' title='bbox 536 163 585 212; x_wconf 84' lang='lat' dir='ltr'><strong>XI.</strong></span> <span class='ocrx_word' id='word_1_6' title='bbox 603 166 642 212; x_wconf 75' lang='lat'><strong>28.</strong></span> 
     </span>
    </p>
   </div>
   <div class='ocr_carea' id='block_1_2' title="bbox 75 292 739 690">
    <p class='ocr_par' dir='ltr' id='par_1_2' title="bbox 75 292 739 690">
     <span class='ocr_line' id='line_1_2' title="bbox 76 292 736 358; baseline -0.009 -13"><span class='ocrx_word' id='word_1_7' title='bbox 76 296 245 346; x_wconf 75' lang='lat' dir='ltr'><strong>humanitatem</strong></span> <span class='ocrx_word' id='word_1_8' title='bbox 264 304 339 353; x_wconf 83' lang='lat' dir='ltr'><strong>taam,</strong></span> <span class='ocrx_word' id='word_1_9' title='bbox 361 294 403 358; x_wconf 92' lang='lat' dir='ltr'><strong>qui</strong></span> <span class='ocrx_word' id='word_1_10' title='bbox 418 293 523 341; x_wconf 85' lang='lat' dir='ltr'><strong>amicum</strong></span> <span class='ocrx_word' id='word_1_11' title='bbox 541 292 613 340; x_wconf 85' lang='lat' dir='ltr'><strong>etiam</strong></span> <span class='ocrx_word' id='word_1_12' title='bbox 631 299 736 341; x_wconf 82' lang='lat' dir='ltr'><strong>mortuum</strong></span> 
     </span>
     <span class='ocr_line' id='line_1_3' title="bbox 75 357 737 424; baseline -0.008 -15"><span class='ocrx_word' id='word_1_13' title='bbox 75 363 166 424; x_wconf 80' lang='lat' dir='ltr'><strong>diliges,</strong></span> <span class='ocrx_word' id='word_1_14' title='bbox 177 361 214 408; x_wconf 86' lang='lat' dir='ltr'><strong>vel</strong></span> <span class='ocrx_word' id='word_1_15' title='bbox 224 361 249 407; x_wconf 91' lang='lat' dir='ltr'><strong>in</strong></span> <span class='ocrx_word' id='word_1_16' title='bbox 257 375 317 418; x_wconf 89' lang='lat' dir='ltr'><strong>eam,</strong></span> <span class='ocrx_word' id='word_1_17' title='bbox 326 358 375 423; x_wconf 77' lang='lat' dir='ltr'><strong>qui</strong></span> <span class='ocrx_word' id='word_1_18' title='bbox 384 357 493 406; x_wconf 86' lang='lat' dir='ltr'><strong>nonnulli</strong></span> <span class='ocrx_word' id='word_1_19' title='bbox 502 365 612 419; x_wconf 73' lang='lat' dir='ltr'><strong>uniatur,</strong></span> <span class='ocrx_word' id='word_1_20' title='bbox 622 357 737 406; x_wconf 71' lang='lat' dir='ltr'><strong>libertatem</strong></span> 
     </span>
     <span class='ocr_line' id='line_1_4' title="bbox 76 421 603 489; baseline -0.009 -17"><span class='ocrx_word' id='word_1_21' title='bbox 76 426 157 489; x_wconf 74' lang='lat' dir='ltr'><strong>patriae</strong></span> <span class='ocrx_word' id='word_1_22' title='bbox 168 425 221 472; x_wconf 81' lang='lat' dir='ltr'><strong>vitae</strong></span> <span class='ocrx_word' id='word_1_23' title='bbox 231 423 299 471; x_wconf 81' lang='lat' dir='ltr'><strong>amici</strong></span> <span class='ocrx_word' id='word_1_24' title='bbox 309 421 502 485; x_wconf 77' lang='lat' dir='ltr'><strong>anteponendam.</strong></span> <span class='ocrx_word' id='word_1_25' title='bbox 599 428 603 439; x_wconf 93' lang='grc'><em>“</em></span> 
     </span>
     <span class='ocr_line' id='line_1_5' title="bbox 108 483 739 536; baseline -0.008 0"><span class='ocrx_word' id='word_1_26' title='bbox 108 489 149 536; x_wconf 84' lang='lat' dir='ltr'><strong>Ex</strong></span> <span class='ocrx_word' id='word_1_27' title='bbox 156 489 193 536; x_wconf 88' lang='lat' dir='ltr'><strong>his</strong></span> <span class='ocrx_word' id='word_1_28' title='bbox 201 488 343 535; x_wconf 79' lang='lat' dir='ltr'><strong>sermonibus</strong></span> <span class='ocrx_word' id='word_1_29' title='bbox 350 486 441 533; x_wconf 90' lang='lat' dir='ltr'><strong>utinam</strong></span> <span class='ocrx_word' id='word_1_30' title='bbox 453 493 529 533; x_wconf 81' lang='lat' dir='ltr'><strong>essent</strong></span> <span class='ocrx_word' id='word_1_31' title='bbox 538 485 622 534; x_wconf 78' lang='lat' dir='ltr'><strong>delatae</strong></span> <span class='ocrx_word' id='word_1_32' title='bbox 631 485 661 533; x_wconf 85' lang='lat' dir='ltr'><strong>ad</strong></span> <span class='ocrx_word' id='word_1_33' title='bbox 670 493 692 533; x_wconf 86' lang='lat' dir='ltr'><strong>te</strong></span> <span class='ocrx_word' id='word_1_34' title='bbox 699 483 739 531; x_wconf 76' lang='lat' dir='ltr'><strong>dis·</strong></span> 
     </span>
     <span class='ocr_line' id='line_1_6' title="bbox 93 549 739 613; baseline -0.009 -13"><span class='ocrx_word' id='word_1_35' title='bbox 93 553 207 600; x_wconf 82' lang='lat' dir='ltr'><strong>utationes</strong></span> <span class='ocrx_word' id='word_1_36' title='bbox 222 552 296 599; x_wconf 80' lang='lat' dir='ltr'><strong>meae!</strong></span> <span class='ocrx_word' id='word_1_37' title='bbox 315 551 361 598; x_wconf 85' lang='lat' dir='ltr'><strong>llla</strong></span> <span class='ocrx_word' id='word_1_38' title='bbox 371 566 424 598; x_wconf 83' lang='lat' dir='ltr'><strong>vero</strong></span> <span class='ocrx_word' id='word_1_39' title='bbox 440 549 496 607; x_wconf 85' lang='lat' dir='ltr'><strong>duo,</strong></span> <span class='ocrx_word' id='word_1_40' title='bbox 515 566 570 613; x_wconf 81' lang='lat' dir='ltr'><strong>quae</strong></span> <span class='ocrx_word' id='word_1_41' title='bbox 584 550 686 598; x_wconf 81' lang='lat' dir='ltr'><strong>maxima</strong></span> <span class='ocrx_word' id='word_1_42' title='bbox 695 553 739 596; x_wconf 81' lang='lat' dir='ltr'><strong>sunt</strong></span> 
     </span>
     <span class='ocr_line' id='line_1_7' title="bbox 100 614 739 690; baseline -0.008 -26"><span class='ocrx_word' id='word_1_43' title='bbox 100 617 174 665; x_wconf 91' lang='lat' dir='ltr'><strong>udum</strong></span> <span class='ocrx_word' id='word_1_44' title='bbox 185 624 287 673; x_wconf 88' lang='lat' dir='ltr'><strong>tuarum,</strong></span> <span class='ocrx_word' id='word_1_45' title='bbox 299 615 351 678; x_wconf 87' lang='lat' dir='ltr'><strong>quis</strong></span> <span class='ocrx_word' id='word_1_46' title='bbox 362 622 402 662; x_wconf 87' lang='lat' dir='ltr'><strong>aut</strong></span> <span class='ocrx_word' id='word_1_47' title='bbox 412 614 532 672; x_wconf 86' lang='lat' dir='ltr'><strong>libentius,</strong></span> <span class='ocrx_word' id='word_1_48' title='bbox 541 629 676 690; x_wconf 34' lang='lat' dir='ltr'><strong>quamnego,</strong></span> <span class='ocrx_word' id='word_1_49' title='bbox 685 627 739 686; x_wconf 54' lang='lat' dir='ltr'><strong>eone</strong></span> 
     </span>
    </p>
   </div>
   <div class='ocr_carea' id='block_1_3' title="bbox 76 675 742 1192">
    <p class='ocr_par' dir='ltr' id='par_1_3' title="bbox 76 675 742 1192">
     <span class='ocr_line' id='line_1_8' title="bbox 77 675 740 742; baseline -0.006 -14"><span class='ocrx_word' id='word_1_50' title='bbox 77 688 198 737; x_wconf 78' lang='lat' dir='ltr'><strong>memorat,</strong></span> <span class='ocrx_word' id='word_1_51' title='bbox 211 688 253 728; x_wconf 83' lang='lat' dir='ltr'><strong>aut</strong></span> <span class='ocrx_word' id='word_1_52' title='bbox 271 679 372 742; x_wconf 72' lang='lat' dir='ltr'><strong>saepius?</strong></span> <span class='ocrx_word' id='word_1_53' title='bbox 391 687 415 726; x_wconf 90' lang='lat' dir='ltr'><strong>te</strong></span> <span class='ocrx_word' id='word_1_54' title='bbox 433 685 457 725; x_wconf 89' lang='lat' dir='ltr'><strong>et</strong></span> <span class='ocrx_word' id='word_1_55' title='bbox 474 693 522 725; x_wconf 90' lang='lat' dir='ltr'><strong>non</strong></span> <span class='ocrx_word' id='word_1_56' title='bbox 540 678 679 742; x_wconf 72' lang='lat' dir='ltr'><strong>suscipiendi</strong></span> <span class='ocrx_word' id='word_1_57' title='bbox 693 675 740 724; x_wconf 85' lang='lat' dir='ltr'><strong>bell</strong></span> 
     </span>
     <span class='ocr_line' id='line_1_9' title="bbox 76 739 739 807; baseline -0.005 -15"><span class='ocrx_word' id='word_1_58' title='bbox 76 745 150 792; x_wconf 84' lang='lat' dir='ltr'><strong>civilis</strong></span> <span class='ocrx_word' id='word_1_59' title='bbox 168 743 331 807; x_wconf 78' lang='lat' dir='ltr'><strong>gravissimum</strong></span> <span class='ocrx_word' id='word_1_60' title='bbox 341 751 457 790; x_wconf 75' lang='lat' dir='ltr'>auctorem</span> <span class='ocrx_word' id='word_1_61' title='bbox 467 741 548 800; x_wconf 78' lang='lat' dir='ltr'><strong>finisse,</strong></span> <span class='ocrx_word' id='word_1_62' title='bbox 566 752 591 790; x_wconf 87' lang='lat' dir='ltr'><strong>et</strong></span> <span class='ocrx_word' id='word_1_63' title='bbox 604 739 739 790; x_wconf 69' lang='lat' dir='ltr'><strong>modenule</strong></span> 
     </span>
     <span class='ocr_line' id='line_1_10' title="bbox 76 801 740 919; baseline -0.008 -62"><span class='ocrx_word' id='word_1_64' title='bbox 76 808 192 865; x_wconf 77' lang='lat' dir='ltr'><strong>victoriae3</strong></span> <span class='ocrx_word' id='word_1_65' title='bbox 209 808 234 856; x_wconf 92' lang='lat' dir='ltr'><strong>in</strong></span> <span class='ocrx_word' id='word_1_66' title='bbox 252 807 352 919; x_wconf 62' lang='lat' dir='ltr'><strong>quotppi</strong></span> <span class='ocrx_word' id='word_1_67' title='bbox 367 806 426 853; x_wconf 92' lang='lat' dir='ltr'><strong>mihi</strong></span> <span class='ocrx_word' id='word_1_68' title='bbox 443 820 490 854; x_wconf 91' lang='lat' dir='ltr'><strong>non</strong></span> <span class='ocrx_word' id='word_1_69' title='bbox 505 806 663 865; x_wconf 72' lang='lat' dir='ltr'><strong>assentiretur,</strong></span> <span class='ocrx_word' id='word_1_70' title='bbox 673 801 740 853; x_wconf 76' lang='lat' dir='ltr'><strong>inveni</strong></span> 
     </span>
     <span class='ocr_line' id='line_1_11' title="bbox 77 867 740 933; baseline -0.006 -12"><span class='ocrx_word' id='word_1_71' title='bbox 77 873 202 921; x_wconf 87' lang='lat' dir='ltr'><strong>neminem.</strong></span> <span class='ocrx_word' id='word_1_72' title='bbox 226 871 306 930; x_wconf 78' lang='lat' dir='ltr'><strong>Quare</strong></span> <span class='ocrx_word' id='word_1_73' title='bbox 346 873 390 919; x_wconf 87' lang='lat' dir='ltr'><strong>beo</strong></span> <span class='ocrx_word' id='word_1_74' title='bbox 400 870 499 933; x_wconf 74' lang='lat' dir='ltr'><strong>gratiam</strong></span> <span class='ocrx_word' id='word_1_75' title='bbox 509 870 631 930; x_wconf 75' lang='lat' dir='ltr'><strong>Trebatio,</strong></span> <span class='ocrx_word' id='word_1_76' title='bbox 642 867 740 918; x_wconf 73' lang='lat' dir='ltr'><strong>familiai</strong></span> 
     </span>
     <span class='ocr_line' id='line_1_12' title="bbox 76 930 740 1000; baseline -0.002 -17"><span class='ocrx_word' id='word_1_77' title='bbox 76 945 162 994; x_wconf 84' lang='lat' dir='ltr'><strong>nostro,</strong></span> <span class='ocrx_word' id='word_1_78' title='bbox 171 936 212 1000; x_wconf 89' lang='lat' dir='ltr'><strong>qui</strong></span> <span class='ocrx_word' id='word_1_79' title='bbox 222 935 449 984; x_wconf 81' lang='lat' dir='ltr'><strong>mihideditcausam</strong></span> <span class='ocrx_word' id='word_1_80' title='bbox 457 935 686 991; x_wconf 73' lang='lat' dir='ltr'><strong>hurumlitersrum</strong></span> <span class='ocrx_word' id='word_1_81' title='bbox 696 930 740 997; x_wconf 87' lang='lat' dir='ltr'><strong>qui·</strong></span> 
     </span>
     <span class='ocr_line' id='line_1_13' title="bbox 77 994 742 1058; baseline -0.003 -10"><span class='ocrx_word' id='word_1_82' title='bbox 77 1003 121 1048; x_wconf 88' lang='lat' dir='ltr'><strong>bus</strong></span> <span class='ocrx_word' id='word_1_83' title='bbox 132 1001 176 1048; x_wconf 90' lang='lat' dir='ltr'><strong>nisi</strong></span> <span class='ocrx_word' id='word_1_84' title='bbox 190 999 319 1058; x_wconf 76' lang='lat' dir='ltr'><strong>credideris,</strong></span> <span class='ocrx_word' id='word_1_85' title='bbox 336 1015 374 1048; x_wconf 91' lang='lat' dir='ltr'><strong>me</strong></span> <span class='ocrx_word' id='word_1_86' title='bbox 391 999 466 1047; x_wconf 88' lang='lat' dir='ltr'><strong>omnia</strong></span> <span class='ocrx_word' id='word_1_87' title='bbox 480 999 551 1046; x_wconf 87' lang='lat' dir='ltr'><strong>officii</strong></span> <span class='ocrx_word' id='word_1_88' title='bbox 563 1008 588 1046; x_wconf 90' lang='lat' dir='ltr'><strong>et</strong></span> <span class='ocrx_word' id='word_1_89' title='bbox 600 994 742 1047; x_wconf 78' lang='lat' dir='ltr'><strong>humanitatis</strong></span> 
     </span>
     <span class='ocr_line' id='line_1_14' title="bbox 78 1062 742 1176; baseline -0.003 -64"><span class='ocrx_word' id='word_1_90' title='bbox 78 1073 196 1128; x_wconf 82' lang='lat' dir='ltr'><strong>expertem</strong></span> <span class='ocrx_word' id='word_1_91' title='bbox 204 1063 315 1126; x_wconf 59' lang='lat' dir='ltr'><strong>judicaris</strong></span> <span class='ocrx_word' id='word_1_92' title='bbox 322 1081 331 1120; x_wconf 73' lang='grc' dir='ltr'>ς</span> <span class='ocrx_word' id='word_1_93' title='bbox 335 1078 390 1176; x_wconf 63' lang='lat'><strong>³:10</strong></span> <span class='ocrx_word' id='word_1_94' title='bbox 400 1078 443 1112; x_wconf 89' lang='lat' dir='ltr'><strong>nec</strong></span> <span class='ocrx_word' id='word_1_95' title='bbox 452 1063 511 1110; x_wconf 90' lang='lat' dir='ltr'><strong>mihi</strong></span> <span class='ocrx_word' id='word_1_96' title='bbox 521 1062 616 1126; x_wconf 77' lang='lat' dir='ltr'><strong>gravius</strong></span> <span class='ocrx_word' id='word_1_97' title='bbox 623 1063 742 1127; x_wconf 79' lang='lat' dir='ltr'><strong>quidquam</strong></span> 
     </span>
     <span class='ocr_line' id='line_1_15' title="bbox 77 1127 525 1192; baseline -0.002 -15"><span class='ocrx_word' id='word_1_98' title='bbox 77 1136 215 1192; x_wconf 84' lang='lat' dir='ltr'><strong>potestesse,</strong></span> <span class='ocrx_word' id='word_1_99' title='bbox 227 1137 328 1176; x_wconf 88' lang='lat' dir='ltr'><strong>necate</strong></span> <span class='ocrx_word' id='word_1_100' title='bbox 359 1127 440 1176; x_wconf 83' lang='lat' dir='ltr'><strong>‘anius</strong></span> <span class='ocrx_word' id='word_1_101' title='bbox 456 1127 525 1176; x_wconf 82' lang='lat' dir='ltr'><strong>Vale.</strong></span> 
     </span>
    </p>
   </div>
   <div class='ocr_carea' id='block_1_4' title="bbox 185 1318 641 1380">
    <p class='ocr_par' dir='ltr' id='par_1_4' title="bbox 185 1318 641 1380">
     <span class='ocr_line' id='line_1_16' title="bbox 185 1318 641 1380; baseline -0.007 -9"><span class='ocrx_word' id='word_1_102' title='bbox 185 1321 256 1380; x_wconf 78' lang='lat'><strong>(28.)</strong></span> <span class='ocrx_word' id='word_1_103' title='bbox 273 1319 410 1369; x_wconf 81' lang='lat' dir='ltr'><strong>MATIUS</strong></span> <span class='ocrx_word' id='word_1_104' title='bbox 427 1318 599 1368; x_wconf 81' lang='lat' dir='ltr'>CICERONI</span> <span class='ocrx_word' id='word_1_105' title='bbox 615 1319 641 1368; x_wconf 83' lang='lat' dir='ltr'><strong>S·</strong></span> 
     </span>
    </p>
   </div>
   <div class='ocr_carea' id='block_1_5' title="bbox 79 1446 743 1578">
    <p class='ocr_par' dir='ltr' id='par_1_5' title="bbox 79 1446 743 1578">
     <span class='ocr_line' id='line_1_17' title="bbox 111 1446 743 1513; baseline 0 -17"><span class='ocrx_word' id='word_1_106' title='bbox 111 1447 485 1513; x_wconf 69' lang='lat' dir='ltr'><strong>(Argumentum-Respondet</strong></span> <span class='ocrx_word' id='word_1_107' title='bbox 498 1449 611 1512; x_wconf 83' lang='lat' dir='ltr'><strong>superiori</strong></span> <span class='ocrx_word' id='word_1_108' title='bbox 619 1446 743 1503; x_wconf 71' lang='lat' dir='ltr'><strong>Ciceronist</strong></span> 
     </span>
     <span class='ocr_line' id='line_1_18' title="bbox 79 1514 557 1578; baseline 0.002 -17"><span class='ocrx_word' id='word_1_109' title='bbox 79 1525 211 1578; x_wconf 82' lang='lat' dir='ltr'><strong>purgatque</strong></span> <span class='ocrx_word' id='word_1_110' title='bbox 221 1530 246 1562; x_wconf 88' lang='lat' dir='ltr'><strong>se</strong></span> <span class='ocrx_word' id='word_1_111' title='bbox 256 1514 364 1565; x_wconf 79' lang='lat' dir='ltr'><strong>adversus</strong></span> <span class='ocrx_word' id='word_1_112' title='bbox 374 1514 557 1578; x_wconf 77' lang='lat' dir='ltr'><strong>simperatores.)</strong></span> 
     </span>
    </p>
   </div>
   <div class='ocr_carea' id='block_1_6' title="bbox 67 1639 751 2736">
    <p class='ocr_par' dir='ltr' id='par_1_6' title="bbox 69 1639 748 2584">
     <span class='ocr_line' id='line_1_19' title="bbox 110 1639 744 1706; baseline -0.002 -16"><span class='ocrx_word' id='word_1_113' title='bbox 110 1642 226 1706; x_wconf 80' lang='lat' dir='ltr'><strong>Magnam</strong></span> <span class='ocrx_word' id='word_1_114' title='bbox 239 1645 380 1706; x_wconf 82' lang='lat' dir='ltr'><strong>voluptatem</strong></span> <span class='ocrx_word' id='word_1_115' title='bbox 397 1658 426 1691; x_wconf 85' lang='lat' dir='ltr'><strong>ex</strong></span> <span class='ocrx_word' id='word_1_116' title='bbox 445 1642 491 1690; x_wconf 83' lang='lat' dir='ltr'><strong>tuis</strong></span> <span class='ocrx_word' id='word_1_117' title='bbox 507 1642 580 1690; x_wconf 86' lang='lat' dir='ltr'><strong>literis</strong></span> <span class='ocrx_word' id='word_1_118' title='bbox 599 1640 661 1706; x_wconf 75' lang='lat' dir='ltr'><strong>cepi,</strong></span> <span class='ocrx_word' id='word_1_119' title='bbox 681 1639 744 1706; x_wconf 82' lang='lat' dir='ltr'><strong>quod,</strong></span> 
     </span>
     <span class='ocr_line' id='line_1_20' title="bbox 80 1704 745 1770; baseline -0.003 -16"><span class='ocrx_word' id='word_1_120' title='bbox 80 1722 153 1770; x_wconf 88' lang='lat' dir='ltr'><strong>quam</strong></span> <span class='ocrx_word' id='word_1_121' title='bbox 174 1707 288 1770; x_wconf 80' lang='lat' dir='ltr'><strong>sperlram</strong></span> <span class='ocrx_word' id='word_1_122' title='bbox 307 1716 376 1770; x_wconf 85' lang='lat' dir='ltr'><strong>atque</strong></span> <span class='ocrx_word' id='word_1_123' title='bbox 393 1706 507 1770; x_wconf 68' lang='lat' dir='ltr'><strong>optimam,</strong></span> <span class='ocrx_word' id='word_1_124' title='bbox 524 1706 610 1754; x_wconf 88' lang='lat' dir='ltr'><strong>habere</strong></span> <span class='ocrx_word' id='word_1_125' title='bbox 626 1715 651 1754; x_wconf 85' lang='lat' dir='ltr'><strong>te</strong></span> <span class='ocrx_word' id='word_1_126' title='bbox 668 1704 697 1754; x_wconf 88' lang='lat' dir='ltr'><strong>de</strong></span> <span class='ocrx_word' id='word_1_127' title='bbox 711 1720 745 1752; x_wconf 90' lang='lat' dir='ltr'><strong>me</strong></span> 
     </span>
     <span class='ocr_line' id='line_1_21' title="bbox 77 1769 744 1834; baseline 0.001 -17"><span class='ocrx_word' id='word_1_128' title='bbox 77 1771 217 1833; x_wconf 88' lang='lat' dir='ltr'><strong>opinionem,</strong></span> <span class='ocrx_word' id='word_1_129' title='bbox 237 1770 339 1832; x_wconf 82' lang='lat' dir='ltr'><strong>cognovi.</strong></span> <span class='ocrx_word' id='word_1_130' title='bbox 364 1770 403 1817; x_wconf 92' lang='lat' dir='ltr'><strong>De</strong></span> <span class='ocrx_word' id='word_1_131' title='bbox 420 1769 466 1834; x_wconf 75' lang='lat' dir='ltr'><strong>qud</strong></span> <span class='ocrx_word' id='word_1_132' title='bbox 480 1771 523 1818; x_wconf 86' lang='lat' dir='ltr'><strong>etsi</strong></span> <span class='ocrx_word' id='word_1_133' title='bbox 540 1786 588 1819; x_wconf 88' lang='lat' dir='ltr'><strong>non</strong></span> <span class='ocrx_word' id='word_1_134' title='bbox 604 1770 744 1828; x_wconf 70' lang='lat' dir='ltr'><strong>dubitabam,</strong></span> 
     </span>
     <span class='ocr_line' id='line_1_22' title="bbox 76 1833 746 1898; baseline 0 -18"><span class='ocrx_word' id='word_1_135' title='bbox 76 1841 164 1890; x_wconf 84' lang='lat' dir='ltr'><strong>tamen,</strong></span> <span class='ocrx_word' id='word_1_136' title='bbox 176 1834 231 1896; x_wconf 86' lang='lat' dir='ltr'><strong>quia</strong></span> <span class='ocrx_word' id='word_1_137' title='bbox 241 1833 339 1881; x_wconf 83' lang='lat' dir='ltr'><strong>maximi</strong></span> <span class='ocrx_word' id='word_1_138' title='bbox 353 1834 506 1894; x_wconf 80' lang='lat' dir='ltr'><strong>aestimabam,</strong></span> <span class='ocrx_word' id='word_1_139' title='bbox 520 1843 548 1881; x_wconf 90' lang='lat' dir='ltr'><strong>ut</strong></span> <span class='ocrx_word' id='word_1_140' title='bbox 558 1835 692 1898; x_wconf 90' lang='lat' dir='ltr'><strong>incorrupta</strong></span> <span class='ocrx_word' id='word_1_141' title='bbox 701 1848 746 1880; x_wconf 86' lang='lat' dir='ltr'><strong>ma·</strong></span> 
     </span>
     <span class='ocr_line' id='line_1_23' title="bbox 77 1896 745 1959; baseline 0.006 -17"><span class='ocrx_word' id='word_1_142' title='bbox 77 1906 150 1955; x_wconf 84' lang='lat' dir='ltr'><strong>neret,</strong></span> <span class='ocrx_word' id='word_1_143' title='bbox 161 1899 302 1944; x_wconf 77' lang='lat' dir='ltr'><strong>laborabam.</strong></span> <span class='ocrx_word' id='word_1_144' title='bbox 320 1898 430 1947; x_wconf 85' lang='lat' dir='ltr'><strong>Conscius</strong></span> <span class='ocrx_word' id='word_1_145' title='bbox 441 1909 520 1946; x_wconf 86' lang='lat' dir='ltr'><strong>autem</strong></span> <span class='ocrx_word' id='word_1_146' title='bbox 536 1899 598 1946; x_wconf 89' lang='lat' dir='ltr'><strong>mihi</strong></span> <span class='ocrx_word' id='word_1_147' title='bbox 607 1915 681 1959; x_wconf 80' lang='lat' dir='ltr'><strong>erum,</strong></span> <span class='ocrx_word' id='word_1_148' title='bbox 692 1896 745 1945; x_wconf 87' lang='lat' dir='ltr'><strong>nihil</strong></span> 
     </span>
     <span class='ocr_line' id='line_1_24' title="bbox 76 1962 745 2026; baseline 0.006 -19"><span class='ocrx_word' id='word_1_149' title='bbox 76 1975 140 2008; x_wconf 87' lang='lat' dir='ltr'><strong>ame</strong></span> <span class='ocrx_word' id='word_1_150' title='bbox 149 1962 299 2009; x_wconf 87' lang='lat' dir='ltr'><strong>commissum</strong></span> <span class='ocrx_word' id='word_1_151' title='bbox 314 1963 446 2026; x_wconf 82' lang='lat' dir='ltr'><strong>esse,un</strong></span> <span class='ocrx_word' id='word_1_152' title='bbox 456 1963 511 2011; x_wconf 91' lang='lat' dir='ltr'><strong>boni</strong></span> <span class='ocrx_word' id='word_1_153' title='bbox 522 1965 664 2026; x_wconf 75' lang='lat' dir='ltr'><strong>quusquam</strong></span> <span class='ocrx_word' id='word_1_154' title='bbox 678 1962 745 2011; x_wconf 73' lang='lat' dir='ltr'><strong>offm-</strong></span> 
     </span>
     <span class='ocr_line' id='line_1_25' title="bbox 77 2023 747 2090; baseline 0.001 -19"><span class='ocrx_word' id='word_1_155' title='bbox 77 2023 140 2072; x_wconf 86' lang='lat' dir='ltr'><strong>deret</strong></span> <span class='ocrx_word' id='word_1_156' title='bbox 154 2025 267 2073; x_wconf 86' lang='lat' dir='ltr'><strong>animum.</strong></span> <span class='ocrx_word' id='word_1_157' title='bbox 284 2027 322 2074; x_wconf 86' lang='lat' dir='ltr'><strong>Eo</strong></span> <span class='ocrx_word' id='word_1_158' title='bbox 332 2028 410 2074; x_wconf 84' lang='lat' dir='ltr'><strong>minus</strong></span> <span class='ocrx_word' id='word_1_159' title='bbox 421 2028 550 2084; x_wconf 83' lang='lat' dir='ltr'><strong>credebam,</strong></span> <span class='ocrx_word' id='word_1_160' title='bbox 563 2027 673 2090; x_wconf 90' lang='lat' dir='ltr'><strong>plurimis</strong></span> <span class='ocrx_word' id='word_1_161' title='bbox 682 2036 747 2090; x_wconf 81' lang='lat' dir='ltr'><strong>atque</strong></span> 
     </span>
     <span class='ocr_line' id='line_1_26' title="bbox 77 2088 747 2155; baseline 0.006 -21"><span class='ocrx_word' id='word_1_162' title='bbox 77 2088 170 2150; x_wconf 87' lang='lat' dir='ltr'><strong>optimis</strong></span> <span class='ocrx_word' id='word_1_163' title='bbox 180 2090 267 2138; x_wconf 83' lang='lat' dir='ltr'><strong>artibus</strong></span> <span class='ocrx_word' id='word_1_164' title='bbox 277 2100 357 2139; x_wconf 82' lang='lat' dir='ltr'><strong>ornato</strong></span> <span class='ocrx_word' id='word_1_165' title='bbox 367 2092 410 2138; x_wconf 87' lang='lat' dir='ltr'><strong>tibi</strong></span> <span class='ocrx_word' id='word_1_166' title='bbox 421 2100 505 2139; x_wconf 81' lang='lat' dir='ltr'><strong>temere</strong></span> <span class='ocrx_word' id='word_1_167' title='bbox 516 2091 648 2155; x_wconf 90' lang='lat' dir='ltr'><strong>quidquam</strong></span> <span class='ocrx_word' id='word_1_168' title='bbox 658 2105 747 2155; x_wconf 84' lang='lat' dir='ltr'><strong>persua·</strong></span> 
     </span>
     <span class='ocr_line' id='line_1_27' title="bbox 77 2151 747 2219; baseline 0.006 -21"><span class='ocrx_word' id='word_1_169' title='bbox 77 2151 125 2199; x_wconf 89' lang='lat' dir='ltr'><strong>deri</strong></span> <span class='ocrx_word' id='word_1_170' title='bbox 138 2154 247 2216; x_wconf 86' lang='lat' dir='ltr'><strong>potuisse,</strong></span> <span class='ocrx_word' id='word_1_171' title='bbox 264 2156 391 2218; x_wconf 78' lang='lat' dir='ltr'><strong>praesertim</strong></span> <span class='ocrx_word' id='word_1_172' title='bbox 408 2156 433 2202; x_wconf 92' lang='lat' dir='ltr'><strong>in</strong></span> <span class='ocrx_word' id='word_1_173' title='bbox 447 2170 518 2218; x_wconf 90' lang='lat' dir='ltr'><strong>quem</strong></span> <span class='ocrx_word' id='word_1_174' title='bbox 533 2170 587 2202; x_wconf 91' lang='lat' dir='ltr'><strong>mea</strong></span> <span class='ocrx_word' id='word_1_175' title='bbox 602 2161 747 2219; x_wconf 85' lang='lat' dir='ltr'><strong>propensaet</strong></span> 
     </span>
     <span class='ocr_line' id='line_1_28' title="bbox 69 2217 747 2284; baseline 0.006 -21"><span class='ocrx_word' id='word_1_176' title='bbox 69 2226 188 2280; x_wconf 43' lang='lat' dir='ltr'><strong>‘perpetua</strong></span> <span class='ocrx_word' id='word_1_177' title='bbox 211 2218 291 2266; x_wconf 82' lang='lat' dir='ltr'><strong>fuisset</strong></span> <span class='ocrx_word' id='word_1_178' title='bbox 313 2228 383 2284; x_wconf 91' lang='lat' dir='ltr'><strong>atque</strong></span> <span class='ocrx_word' id='word_1_179' title='bbox 408 2229 466 2267; x_wconf 86' lang='lat' dir='ltr'><strong>esset</strong></span> <span class='ocrx_word' id='word_1_180' title='bbox 483 2219 652 2267; x_wconf 81' lang='lat' dir='ltr'><strong>benevolentia.</strong></span> <span class='ocrx_word' id='word_1_181' title='bbox 680 2217 747 2277; x_wconf 86' lang='lat' dir='ltr'><strong>Quod</strong></span> 
     </span>
     <span class='ocr_line' id='line_1_29' title="bbox 78 2281 746 2346; baseline 0.006 -19"><span class='ocrx_word' id='word_1_182' title='bbox 78 2281 178 2344; x_wconf 88' lang='lat' dir='ltr'><strong>quando,</strong></span> <span class='ocrx_word' id='word_1_183' title='bbox 190 2290 217 2329; x_wconf 91' lang='lat' dir='ltr'><strong>ut</strong></span> <span class='ocrx_word' id='word_1_184' title='bbox 232 2282 303 2341; x_wconf 87' lang='lat' dir='ltr'><strong>volui,</strong></span> <span class='ocrx_word' id='word_1_185' title='bbox 315 2284 361 2331; x_wconf 86' lang='lat' dir='ltr'><strong>scio</strong></span> <span class='ocrx_word' id='word_1_186' title='bbox 372 2299 435 2341; x_wconf 79' lang='lat' dir='ltr'><strong>esse3</strong></span> <span class='ocrx_word' id='word_1_187' title='bbox 452 2283 594 2346; x_wconf 85' lang='lat' dir='ltr'><strong>respondebo</strong></span> <span class='ocrx_word' id='word_1_188' title='bbox 604 2283 746 2341; x_wconf 85' lang='lat' dir='ltr'><strong>criminibus,</strong></span> 
     </span>
     <span class='ocr_line' id='line_1_30' title="bbox 78 2346 748 2411; baseline 0.004 -19"><span class='ocrx_word' id='word_1_189' title='bbox 78 2346 163 2408; x_wconf 92' lang='lat' dir='ltr'><strong>quibus</strong></span> <span class='ocrx_word' id='word_1_190' title='bbox 173 2355 199 2393; x_wconf 89' lang='lat' dir='ltr'><strong>tu</strong></span> <span class='ocrx_word' id='word_1_191' title='bbox 211 2362 252 2409; x_wconf 90' lang='lat' dir='ltr'><strong>pro</strong></span> <span class='ocrx_word' id='word_1_192' title='bbox 266 2362 305 2395; x_wconf 91' lang='lat' dir='ltr'><strong>me</strong></span> <span class='ocrx_word' id='word_1_193' title='bbox 319 2352 356 2400; x_wconf 86' lang='lat' dir='ltr'><strong>(ut</strong></span> <span class='ocrx_word' id='word_1_194' title='bbox 366 2364 409 2411; x_wconf 86' lang='lat' dir='ltr'><strong>par</strong></span> <span class='ocrx_word' id='word_1_195' title='bbox 423 2356 479 2407; x_wconf 84' lang='lat' dir='ltr'><strong>erat,</strong></span> <span class='ocrx_word' id='word_1_196' title='bbox 497 2348 540 2395; x_wconf 72' lang='lat' dir='ltr'><strong>tui</strong></span> <span class='ocrx_word' id='word_1_197' title='bbox 554 2348 670 2411; x_wconf 82' lang='lat' dir='ltr'><strong>singulari</strong></span> <span class='ocrx_word' id='word_1_198' title='bbox 685 2346 748 2395; x_wconf 87' lang='lat' dir='ltr'><strong>boni·</strong></span> 
     </span>
     <span class='ocr_line' id='line_1_31' title="bbox 77 2411 748 2476; baseline 0.004 -19"><span class='ocrx_word' id='word_1_199' title='bbox 77 2417 125 2457; x_wconf 81' lang='lat' dir='ltr'><strong>tate</strong></span> <span class='ocrx_word' id='word_1_200' title='bbox 138 2419 161 2458; x_wconf 84' lang='lat' dir='ltr'><strong>et</strong></span> <span class='ocrx_word' id='word_1_201' title='bbox 179 2411 280 2458; x_wconf 76' lang='lat' dir='ltr'><strong>amcitin</strong></span> <span class='ocrx_word' id='word_1_202' title='bbox 299 2413 387 2470; x_wconf 72' lang='lat' dir='ltr'><strong>nostri)</strong></span> <span class='ocrx_word' id='word_1_203' title='bbox 402 2428 462 2476; x_wconf 77' lang='lat' dir='ltr'><strong>serpe</strong></span> <span class='ocrx_word' id='word_1_204' title='bbox 472 2411 582 2459; x_wconf 84' lang='lat' dir='ltr'><strong>restitisti.</strong></span> <span class='ocrx_word' id='word_1_205' title='bbox 606 2413 674 2460; x_wconf 88' lang='lat' dir='ltr'><strong>Nota</strong></span> <span class='ocrx_word' id='word_1_206' title='bbox 688 2411 748 2460; x_wconf 83' lang='lat' dir='ltr'><strong>enim</strong></span> 
     </span>
     <span class='ocr_line' id='line_1_32' title="bbox 77 2474 748 2546; baseline 0.004 -26"><span class='ocrx_word' id='word_1_207' title='bbox 77 2474 209 2546; x_wconf 81' lang='lat' dir='ltr'><strong>mihisunt,</strong></span> <span class='ocrx_word' id='word_1_208' title='bbox 220 2491 273 2539; x_wconf 79' lang='lat' dir='ltr'><strong>quae</strong></span> <span class='ocrx_word' id='word_1_209' title='bbox 283 2475 308 2522; x_wconf 93' lang='lat' dir='ltr'><strong>in</strong></span> <span class='ocrx_word' id='word_1_210' title='bbox 318 2491 357 2524; x_wconf 89' lang='lat' dir='ltr'><strong>me</strong></span> <span class='ocrx_word' id='word_1_211' title='bbox 364 2485 416 2540; x_wconf 85' lang='lat' dir='ltr'><strong>post</strong></span> <span class='ocrx_word' id='word_1_212' title='bbox 426 2476 522 2525; x_wconf 76' lang='lat' dir='ltr'><strong>Caesans</strong></span> <span class='ocrx_word' id='word_1_213' title='bbox 532 2484 634 2523; x_wconf 82' lang='lat' dir='ltr'><strong>mortem</strong></span> <span class='ocrx_word' id='word_1_214' title='bbox 649 2476 748 2524; x_wconf 76' lang='lat' dir='ltr'><strong>oonturle·</strong></span> 
     </span>
     <span class='ocr_line' id='line_1_33' title="bbox 77 2547 130 2584; baseline 0.038 -2"><span class='ocrx_word' id='word_1_215' title='bbox 77 2547 130 2584; x_wconf 77' lang='lat' dir='ltr'><strong>nni·</strong></span> 
     </span>
    </p>

    <p class='ocr_par' dir='ltr' id='par_1_7' title="bbox 67 2602 751 2736">
     <span class='ocr_line' id='line_1_34' title="bbox 111 2602 747 2670; baseline 0.002 -18"><span class='ocrx_word' id='word_1_216' title='bbox 111 2602 177 2653; x_wconf 83' lang='lat' dir='ltr'><strong>Vitio</strong></span> <span class='ocrx_word' id='word_1_217' title='bbox 187 2605 248 2654; x_wconf 85' lang='lat' dir='ltr'><strong>mihi</strong></span> <span class='ocrx_word' id='word_1_218' title='bbox 257 2604 324 2665; x_wconf 81' lang='lat' dir='ltr'><strong>dant,</strong></span> <span class='ocrx_word' id='word_1_219' title='bbox 333 2605 397 2670; x_wconf 75' lang='lat' dir='ltr'><strong>quud</strong></span> <span class='ocrx_word' id='word_1_220' title='bbox 404 2613 503 2653; x_wconf 80' lang='lat' dir='ltr'><strong>mortem</strong></span> <span class='ocrx_word' id='word_1_221' title='bbox 518 2605 620 2653; x_wconf 87' lang='lat' dir='ltr'><strong>hominis</strong></span> <span class='ocrx_word' id='word_1_222' title='bbox 630 2603 747 2655; x_wconf 64' lang='lat' dir='ltr'><strong>necesarii</strong></span> 
     </span>
     <span class='ocr_line' id='line_1_35' title="bbox 67 2668 751 2736; baseline 0.006 -15"><span class='ocrx_word' id='word_1_223' title='bbox 67 2670 179 2733; x_wconf 77' lang='lat' dir='ltr'><strong>graviter</strong></span> <span class='ocrx_word' id='word_1_224' title='bbox 187 2674 247 2734; x_wconf 81' lang='lat' dir='ltr'><strong>lero,</strong></span> <span class='ocrx_word' id='word_1_225' title='bbox 259 2681 332 2736; x_wconf 74' lang='lat' dir='ltr'><strong>atque</strong></span> <span class='ocrx_word' id='word_1_226' title='bbox 342 2685 408 2729; x_wconf 59' lang='lat' dir='ltr'><strong>ems</strong></span> <span class='ocrx_word' id='word_1_227' title='bbox 416 2683 489 2732; x_wconf 60' lang='lat' dir='ltr'><strong>&lt;xm</strong></span> <span class='ocrx_word' id='word_1_228' title='bbox 494 2668 751 2727; x_wconf 52' lang='lat' dir='ltr'><strong>ffisseuffmfflte</strong></span> 
     </span>
    </p>
   </div>
   <div class='ocr_carea' id='block_1_7' title="bbox 0 0 836 2948">
    <p class='ocr_par' dir='ltr' id='par_1_8' title="bbox 0 0 836 2948">
     <span class='ocr_line' id='line_1_36' title="bbox 0 0 836 2948; baseline 0 0"><span class='ocrx_word' id='word_1_229' title='bbox 0 0 836 2948; x_wconf 95' lang='lat' dir='ltr'><strong> </strong></span> 
     </span>
    </p>
   </div>
  </div>
 </body>
</html>
