1650 2948
226 191 275 239 AD
287 191 464 242 DIVERSOS.
483 196 542 241 Lm.
556 196 600 242 IX.
616 197 652 241 13.
727 199 773 252 257

98 322 198 366 fortunae
209 323 405 368 succumbendum
414 333 493 384 putem
506 341 512 368 :
530 325 568 370 scd
581 334 656 370 tanrcn
668 325 769 374 hilaritas

96 385 222 432 illanostra
232 394 254 431 et
265 386 372 444 suavitas,
382 403 434 449 quae
446 398 467 434 te
478 398 559 450 praeter
570 397 660 435 creteros
671 389 768 438 delecta·

95 449 145 506 bat,
162 457 239 511 erepta
253 449 311 496 rnibi
329 451 403 498 omnis
423 459 463 498 est.
486 451 629 499 Firmitatem
649 462 727 500 tamen
745 464 768 503 et

95 512 256 572 constantiam,
265 513 360 561 simodo
366 514 412 561 fuit
419 515 543 579 aliquando
549 515 573 562 in
580 517 654 572 nobis,
662 517 766 566 eamdem

95 590 226 639 wgnoaces,
237 592 309 640 quam
320 578 438 642 reliquisti.
461 579 533 638 Quod
549 581 635 639 scribis,
647 582 727 644 proelia
743 591 766 630 te

95 640 150 691 med
165 640 233 688 causi
243 641 370 700 sustinere3
388 658 434 690 non
445 651 494 691 tam
505 644 529 691 id
539 645 626 701 laboro,
643 654 677 704 ut,
692 645 711 693 si
724 648 765 709 qui

93 703 154 751 mihi
160 706 293 763 obtrectant,
300 722 315 752 a
323 715 345 753 te
356 707 491 767 refutentur,
501 724 572 771 quam
582 708 680 772 intelligi
689 711 765 773 cupio,

95 768 170 832 (quod
188 777 247 816 certe
264 769 409 833 intelligitur)
425 787 464 820 rue
481 788 495 818 a
511 781 533 818 ta
549 771 637 819 amari:
655 774 718 837 quod
736 785 763 823 ut

92 833 172 892 facias,
187 841 210 880 te
221 833 290 880 etiam
305 842 374 898 atque
385 836 454 882 etiam
465 851 535 898 rogo;
553 836 700 899 ignoscasque
710 840 762 886 bre-

92 897 160 945 vitati
169 897 288 946 literarum
298 914 415 946 mearum:
433 915 489 947 nam
500 909 523 946 et
531 900 632 947 celeriter
639 901 688 947 unt
698 900 762 949 futu.

91 975 130 1008 ros
136 975 178 1008 nos
188 961 293 1020 arbitror,
303 971 326 1009 et
336 963 440 1011 nondum
449 963 503 1012 satis
511 965 658 1013 confirmatus
668 980 720 1012 sum
732 967 761 1014 ad

90 1025 243 1074 scribendum,
260 1026 328 1075 Vale.

187 1151 259 1219 (12.)
276 1155 409 1205 CICERO
420 1156 652 1207 DOLABELLAE.

122 1285 316 1347 (Argumentum.
324 1318 358 1328 -
364 1286 493 1334 Dolabella
508 1287 637 1350 gratulatur
647 1285 676 1333 de
686 1284 756 1332 Baia-

87 1365 143 1398 rum
150 1350 283 1400 salubritate
292 1368 300 1409 3
318 1361 341 1399 et
348 1351 474 1400 orationem
484 1367 526 1415 pro
537 1351 646 1399 Deiotaro
656 1345 745 1408 mittit.)

120 1478 230 1528 Gratulor
240 1480 305 1528 Baiis
315 1480 406 1538 nostris,
420 1479 542 1543 siquidem,
553 1486 581 1525 ut
594 1477 681 1536 scribis,
693 1477 755 1551 salu-

85 1545 139 1592 bres
150 1554 242 1607 repente
256 1545 322 1592 factae
338 1554 407 1601 sunt;
424 1544 468 1591 nisi
482 1543 540 1591 forte
555 1551 578 1589 te
591 1549 681 1600 amant,
693 1549 756 1614 ‘ln‘

84 1609 111 1656 bi
123 1617 274 1667 assentantur,
287 1619 309 1656 et
319 1609 417 1668 tamdiu,
429 1608 486 1655 dum
497 1616 523 1654 tu
534 1607 598 1664 adea,
609 1613 664 1652 sunt
678 1605 755 1651 obhtae

82 1673 127 1721 sui·
147 1673 219 1731 Quod
229 1673 322 1737 quidem
334 1673 395 1721 siita
406 1682 447 1733 est,
464 1672 560 1718 minime
575 1669 653 1725 miror,
661 1669 752 1743 ¹coelum

84 1737 155 1786 attam
172 1747 195 1785 et
205 1747 276 1786 terras
286 1738 334 1786 vim
350 1753 425 1797 suam,
442 1737 462 1785 si
477 1736 520 1785 tibi
531 1736 563 1783 ita
573 1741 700 1791 conveniat,
717 1732 753 1779 dr-

82 1802 182 1850 mittere.

122 1866 299 1915 Oratiunculam
320 1882 362 1930 pro
379 1865 497 1926 Deiotaro,
518 1879 590 1928 quam
612 1861 749 1926 requirebas,

80 1930 197 1978 habebam
212 1947 320 1989 mecumr
338 1931 400 1994 quod
411 1946 457 1978 non
471 1929 586 1994 putdram.
603 1928 686 1992 Itaque
697 1942 748 1974 eam

81 1994 125 2044 tibi
136 1995 204 2042 misi:
222 2011 292 2058 quam
303 1996 372 2043 velim
385 1996 417 2043 sic
426 1996 498 2057 legas,
510 2002 537 2040 ut
547 2007 640 2040 causam
653 2000 748 2038 tenuem

80 2068 104 2107 et
114 2059 216 2121 inopem,
232 2074 273 2107 nec
285 2060 407 2123 scriptione
423 2073 562 2122 magnopere
576 2057 678 2131 dignam.
701 2056 748 2104 Sed

79 2139 123 2186 ego
132 2123 218 2186 hospiti
228 2125 298 2171 veteri
308 2134 331 2170 et
341 2125 414 2171 anrim
430 2121 595 2170 munusculum
606 2129 696 2168 mittere
706 2136 746 2168 vo-

78 2188 114 2238 lui
130 2187 253 2246 levidense,
273 2203 346 2235 crasso
365 2189 419 2244 filo;
437 2185 566 2248 cujusmodi
582 2185 654 2248 ipsius
673 2185 746 2233 solent

79 2267 128 2301 esse
143 2265 247 2299 munera.
265 2252 304 2299 Tu
316 2252 386 2300 velim
396 2252 473 2300 animo
484 2250 580 2314 sapienti
590 2249 689 2323 fortique
700 2249 745 2322 sisr

78 2325 106 2364 ut
116 2325 157 2364 tua
167 2315 293 2364 moderatio
303 2325 326 2364 et
338 2317 435 2379 gratim
446 2316 543 2364 aliorum
554 2313 650 2362 infamet
663 2315 744 2374 rnjurr-

78 2396 125 2430 am.
142 2380 210 2429 Vale.

151 2507 230 2575 rra.)
247 2508 374 2559 crcuno
390 2476 610 2559 unumunurn
628 2507 652 2554 s.

87 2607 91 2678 a
110 2639 430 2705 (Armenium-Rogat
442 2638 606 2696 Dolabellam,
616 2630 756 2711 utbuber'x-

48 2767 51 2771 .
72 2717 103 2756 ¹³⁰
112 2712 137 2750 εἴ
145 2703 229 2754 Plaur‘o
238 2706 343 2756 reditum
355 2709 380 2758 in
390 2707 498 2773 patriam
506 2723 524 2757 a
532 2705 630 2815 qu-ape
637 2701 778 2762 impetrata
