<?xml version="1.0" encoding="UTF-8"?>
<!DOCTYPE html PUBLIC "-//W3C//DTD XHTML 1.0 Transitional//EN"
    "http://www.w3.org/TR/xhtml1/DTD/xhtml1-transitional.dtd">
<html xmlns="http://www.w3.org/1999/xhtml" xml:lang="en" lang="en">
 <head>
  <title>
</title>
<meta http-equiv="Content-Type" content="text/html;charset=utf-8" />
  <meta name='ocr-system' content='tesseract 3.04.00' />
  <meta name='ocr-capabilities' content='ocr_page ocr_carea ocr_par ocr_line ocrx_word'/>
</head>
<body>
  <div class='ocr_page' id='page_1' title='image "./operaexeditioni00cicegoog_0307.png"; bbox 0 0 1650 2948; ppageno 0'>
   <div class='ocr_carea' id='block_1_1' title="bbox 122 174 671 228">
    <p class='ocr_par' dir='ltr' id='par_1_1' title="bbox 122 174 671 228">
     <span class='ocr_line' id='line_1_1' title="bbox 122 174 671 228; baseline 0 0"><span class='ocrx_word' id='word_1_1' title='bbox 122 180 171 228; x_wconf 78' lang='grc'><strong>290</strong></span> <span class='ocrx_word' id='word_1_2' title='bbox 248 175 299 227; x_wconf 79' lang='grc' dir='ltr'><strong>ΑΙ)</strong></span> <span class='ocrx_word' id='word_1_3' title='bbox 316 174 494 225; x_wconf 79' lang='lat' dir='ltr'>DIVERSOS.</span> <span class='ocrx_word' id='word_1_4' title='bbox 512 176 575 226; x_wconf 71' lang='lat' dir='ltr'><strong>lain.</strong></span> <span class='ocrx_word' id='word_1_5' title='bbox 593 176 627 226; x_wconf 87' lang='lat' dir='ltr'><strong>X.</strong></span> <span class='ocrx_word' id='word_1_6' title='bbox 646 182 671 228; x_wconf 83' lang='lat'><strong>9.</strong></span> 
     </span>
    </p>
   </div>
   <div class='ocr_carea' id='block_1_2' title="bbox 115 303 786 1781">
    <p class='ocr_par' dir='ltr' id='par_1_2' title="bbox 117 303 786 1075">
     <span class='ocr_line' id='line_1_2' title="bbox 122 303 786 374; baseline 0.005 -19"><span class='ocrx_word' id='word_1_7' title='bbox 122 308 225 372; x_wconf 90' lang='lat' dir='ltr'><strong>quinque</strong></span> <span class='ocrx_word' id='word_1_8' title='bbox 240 307 285 353; x_wconf 81' lang='lat' dir='ltr'><strong>cub</strong></span> <span class='ocrx_word' id='word_1_9' title='bbox 301 305 380 368; x_wconf 82' lang='lat' dir='ltr'><strong>signis,</strong></span> <span class='ocrx_word' id='word_1_10' title='bbox 392 312 415 352; x_wconf 91' lang='lat' dir='ltr'><strong>et</strong></span> <span class='ocrx_word' id='word_1_11' title='bbox 425 305 468 353; x_wconf 72' lang='lat' dir='ltr'><strong>sui</strong></span> <span class='ocrx_word' id='word_1_12' title='bbox 478 303 524 353; x_wconf 87' lang='lat' dir='ltr'><strong>fide</strong></span> <span class='ocrx_word' id='word_1_13' title='bbox 536 306 672 372; x_wconf 78' lang='lat' dir='ltr'>virtuteque</span> <span class='ocrx_word' id='word_1_14' title='bbox 685 306 786 374; x_wconf 77' lang='lat' dir='ltr'><strong>rdpnbii·</strong></span> 
     </span>
     <span class='ocr_line' id='line_1_3' title="bbox 121 368 786 431; baseline 0.002 -10"><span class='ocrx_word' id='word_1_15' title='bbox 121 389 155 421; x_wconf 70' lang='grc' dir='ltr'><strong>σω</strong></span> <span class='ocrx_word' id='word_1_16' title='bbox 165 369 369 431; x_wconf 79' lang='lat' dir='ltr'><strong>conjunctissimos,</strong></span> <span class='ocrx_word' id='word_1_17' title='bbox 380 378 403 416; x_wconf 91' lang='lat' dir='ltr'><strong>et</strong></span> <span class='ocrx_word' id='word_1_18' title='bbox 413 368 492 417; x_wconf 75' lang='lat' dir='ltr'><strong>nostris</strong></span> <span class='ocrx_word' id='word_1_19' title='bbox 503 368 645 420; x_wconf 71' lang='lat' dir='ltr'><strong>hiteralitnte</strong></span> <span class='ocrx_word' id='word_1_20' title='bbox 655 373 720 422; x_wconf 79' lang='lat' dir='ltr'><strong>nobis</strong></span> <span class='ocrx_word' id='word_1_21' title='bbox 728 374 786 421; x_wconf 78' lang='lat' dir='ltr'><strong>ohse-</strong></span> 
     </span>
     <span class='ocr_line' id='line_1_4' title="bbox 121 433 785 502; baseline 0.002 -17"><span class='ocrx_word' id='word_1_22' title='bbox 121 448 231 502; x_wconf 79' lang='lat' dir='ltr'><strong>quentes3</strong></span> <span class='ocrx_word' id='word_1_23' title='bbox 249 433 397 496; x_wconf 66' lang='lat' dir='ltr'><strong>previum,</strong></span> <span class='ocrx_word' id='word_1_24' title='bbox 414 433 521 481; x_wconf 89' lang='lat' dir='ltr'><strong>omnium</strong></span> <span class='ocrx_word' id='word_1_25' title='bbox 534 434 659 485; x_wconf 79' lang='lat' dir='ltr'><strong>civitatum</strong></span> <span class='ocrx_word' id='word_1_26' title='bbox 675 451 785 496; x_wconf 67' lang='lat' dir='ltr'><strong>contem,</strong></span> 
     </span>
     <span class='ocr_line' id='line_1_5' title="bbox 120 496 786 566; baseline 0.009 -23"><span class='ocrx_word' id='word_1_27' title='bbox 120 500 297 566; x_wconf 71' lang='lat' dir='ltr'><strong>paratissimam,</strong></span> <span class='ocrx_word' id='word_1_28' title='bbox 309 506 331 544; x_wconf 87' lang='lat' dir='ltr'><strong>et</strong></span> <span class='ocrx_word' id='word_1_29' title='bbox 343 496 435 544; x_wconf 72' lang='lat' dir='ltr'><strong>summi</strong></span> <span class='ocrx_word' id='word_1_30' title='bbox 448 498 593 547; x_wconf 75' lang='lat' dir='ltr'><strong>contentione</strong></span> <span class='ocrx_word' id='word_1_31' title='bbox 609 500 642 548; x_wconf 85' lang='lat' dir='ltr'><strong>ad</strong></span> <span class='ocrx_word' id='word_1_32' title='bbox 658 500 731 551; x_wconf 76' lang='lat' dir='ltr'><strong>officis</strong></span> <span class='ocrx_word' id='word_1_33' title='bbox 743 516 786 549; x_wconf 84' lang='lat' dir='ltr'><strong>cer·</strong></span> 
     </span>
     <span class='ocr_line' id='line_1_6' title="bbox 119 562 785 631; baseline 0.011 -23"><span class='ocrx_word' id='word_1_34' title='bbox 119 575 224 620; x_wconf 69' lang='lat' dir='ltr'><strong>tantem</strong></span> <span class='ocrx_word' id='word_1_35' title='bbox 248 562 361 626; x_wconf 76' lang='lat' dir='ltr'><strong>equitatis</strong></span> <span class='ocrx_word' id='word_1_36' title='bbox 389 562 529 609; x_wconf 80' lang='lat' dir='ltr'><strong>auxiliorum</strong></span> <span class='ocrx_word' id='word_1_37' title='bbox 546 579 576 610; x_wconf 92' lang='lat' dir='ltr'><strong>ue</strong></span> <span class='ocrx_word' id='word_1_38' title='bbox 602 573 682 615; x_wconf 75' lang='lat' dir='ltr'><strong>tentes</strong></span> <span class='ocrx_word' id='word_1_39' title='bbox 707 565 785 631; x_wconf 76' lang='lat' dir='ltr'><strong>copies,</strong></span> 
     </span>
     <span class='ocr_line' id='line_1_7' title="bbox 119 626 786 706; baseline -0.016 -27"><span class='ocrx_word' id='word_1_40' title='bbox 119 637 217 706; x_wconf 73' lang='lat' dir='ltr'><strong>quantes</strong></span> <span class='ocrx_word' id='word_1_41' title='bbox 227 628 264 675; x_wconf 81' lang='lat' dir='ltr'><strong>hae</strong></span> <span class='ocrx_word' id='word_1_42' title='bbox 276 635 363 689; x_wconf 77' lang='lat' dir='ltr'><strong>gentes,</strong></span> <span class='ocrx_word' id='word_1_43' title='bbox 379 626 408 672; x_wconf 80' lang='lat' dir='ltr'><strong>ed</strong></span> <span class='ocrx_word' id='word_1_44' title='bbox 423 626 506 673; x_wconf 71' lang='lat' dir='ltr'><strong>defend</strong></span> <span class='ocrx_word' id='word_1_45' title='bbox 608 644 679 679; x_wconf 67' lang='lat' dir='ltr'><strong>suam</strong></span> <span class='ocrx_word' id='word_1_46' title='bbox 694 630 786 679; x_wconf 65' lang='lat' dir='ltr'><strong>..lum</strong></span> 
     </span>
     <span class='ocr_line' id='line_1_8' title="bbox 118 690 786 755; baseline 0.001 -12"><span class='ocrx_word' id='word_1_47' title='bbox 118 696 301 754; x_wconf 79' lang='lat' dir='ltr'><strong>ubertatemque,</strong></span> <span class='ocrx_word' id='word_1_48' title='bbox 309 690 418 738; x_wconf 83' lang='lat' dir='ltr'><strong>conficere</strong></span> <span class='ocrx_word' id='word_1_49' title='bbox 427 700 530 753; x_wconf 77' lang='lat' dir='ltr'><strong>possunt.</strong></span> <span class='ocrx_word' id='word_1_50' title='bbox 548 690 604 755; x_wconf 70' lang='lat' dir='ltr'><strong>lpoe</strong></span> <span class='ocrx_word' id='word_1_51' title='bbox 611 692 648 742; x_wconf 75' lang='lat' dir='ltr'><strong>its</strong></span> <span class='ocrx_word' id='word_1_52' title='bbox 654 710 709 743; x_wconf 84' lang='lat' dir='ltr'><strong>sum</strong></span> <span class='ocrx_word' id='word_1_53' title='bbox 715 694 786 743; x_wconf 77' lang='lat' dir='ltr'><strong>enimc</strong></span> 
     </span>
     <span class='ocr_line' id='line_1_9' title="bbox 118 754 786 834; baseline -0.01 -28"><span class='ocrx_word' id='word_1_54' title='bbox 118 768 221 823; x_wconf 76' lang='lat' dir='ltr'><strong>paratus,</strong></span> <span class='ocrx_word' id='word_1_55' title='bbox 233 764 259 803; x_wconf 90' lang='lat' dir='ltr'><strong>ut</strong></span> <span class='ocrx_word' id='word_1_56' title='bbox 270 755 306 802; x_wconf 84' lang='lat' dir='ltr'><strong>vel</strong></span> <span class='ocrx_word' id='word_1_57' title='bbox 320 754 460 817; x_wconf 78' lang='lat' dir='ltr'><strong>provintiam</strong></span> <span class='ocrx_word' id='word_1_58' title='bbox 477 754 544 815; x_wconf 83' lang='lat' dir='ltr'><strong>tueri,</strong></span> <span class='ocrx_word' id='word_1_59' title='bbox 561 756 599 804; x_wconf 80' lang='lat' dir='ltr'><strong>vel</strong></span> <span class='ocrx_word' id='word_1_60' title='bbox 609 756 645 806; x_wconf 90' lang='lat' dir='ltr'><strong>ire</strong></span> <span class='ocrx_word' id='word_1_61' title='bbox 655 774 704 823; x_wconf 86' lang='lat' dir='ltr'><strong>quc</strong></span> <span class='ocrx_word' id='word_1_62' title='bbox 712 774 786 834; x_wconf 70' lang='lat' dir='ltr'><strong>mpu-</strong></span> 
     </span>
     <span class='ocr_line' id='line_1_10' title="bbox 118 818 785 887; baseline -0.003 -16"><span class='ocrx_word' id='word_1_63' title='bbox 118 824 179 871; x_wconf 79' lang='lat' dir='ltr'><strong>blica</strong></span> <span class='ocrx_word' id='word_1_64' title='bbox 189 828 261 878; x_wconf 77' lang='lat' dir='ltr'><strong>vocet,</strong></span> <span class='ocrx_word' id='word_1_65' title='bbox 273 820 310 867; x_wconf 83' lang='lat' dir='ltr'><strong>vel</strong></span> <span class='ocrx_word' id='word_1_66' title='bbox 326 818 414 866; x_wconf 83' lang='lat' dir='ltr'>tradere</span> <span class='ocrx_word' id='word_1_67' title='bbox 431 819 566 879; x_wconf 85' lang='lat' dir='ltr'><strong>exereitum,</strong></span> <span class='ocrx_word' id='word_1_68' title='bbox 584 822 683 883; x_wconf 69' lang='lat' dir='ltr'><strong>soniis,</strong></span> <span class='ocrx_word' id='word_1_69' title='bbox 699 836 785 887; x_wconf 66' lang='lat' dir='ltr'><strong>peonn-</strong></span> 
     </span>
     <span class='ocr_line' id='line_1_11' title="bbox 118 883 785 951; baseline -0.001 -14"><span class='ocrx_word' id='word_1_70' title='bbox 118 885 376 951; x_wconf 72' lang='lat' dir='ltr'><strong>eamque,ve10mnem</strong></span> <span class='ocrx_word' id='word_1_71' title='bbox 386 883 500 946; x_wconf 83' lang='lat' dir='ltr'><strong>impetum</strong></span> <span class='ocrx_word' id='word_1_72' title='bbox 510 883 785 945; x_wconf 73' lang='lat' dir='ltr'><strong>belliinmeconvertue,</strong></span> 
     </span>
     <span class='ocr_line' id='line_1_12' title="bbox 118 946 786 1017; baseline 0.003 -17"><span class='ocrx_word' id='word_1_73' title='bbox 118 967 165 1001; x_wconf 92' lang='lat' dir='ltr'><strong>non</strong></span> <span class='ocrx_word' id='word_1_74' title='bbox 182 963 292 1007; x_wconf 81' lang='lat' dir='ltr'><strong>recusem,</strong></span> <span class='ocrx_word' id='word_1_75' title='bbox 310 946 408 994; x_wconf 79' lang='lat' dir='ltr'><strong>simodo</strong></span> <span class='ocrx_word' id='word_1_76' title='bbox 424 961 476 994; x_wconf 90' lang='lat' dir='ltr'><strong>meo</strong></span> <span class='ocrx_word' id='word_1_77' title='bbox 487 962 540 995; x_wconf 80' lang='lat' dir='ltr'><strong>casu</strong></span> <span class='ocrx_word' id='word_1_78' title='bbox 551 957 593 997; x_wconf 81' lang='lat' dir='ltr'><strong>eut</strong></span> <span class='ocrx_word' id='word_1_79' title='bbox 603 951 741 1001; x_wconf 69' lang='lat' dir='ltr'><strong>confirmae</strong></span> <span class='ocrx_word' id='word_1_80' title='bbox 748 966 786 1017; x_wconf 77' lang='lat' dir='ltr'><strong>pt-</strong></span> 
     </span>
     <span class='ocr_line' id='line_1_13' title="bbox 117 1010 672 1075; baseline -0.007 -10"><span class='ocrx_word' id='word_1_81' title='bbox 117 1017 168 1065; x_wconf 77' lang='lat' dir='ltr'><strong>triae</strong></span> <span class='ocrx_word' id='word_1_82' title='bbox 178 1015 284 1069; x_wconf 63' lang='lat' dir='ltr'><strong>saluta,</strong></span> <span class='ocrx_word' id='word_1_83' title='bbox 293 1020 333 1058; x_wconf 85' lang='lat' dir='ltr'><strong>aut</strong></span> <span class='ocrx_word' id='word_1_84' title='bbox 344 1010 471 1073; x_wconf 88' lang='lat' dir='ltr'><strong>periculum</strong></span> <span class='ocrx_word' id='word_1_85' title='bbox 482 1011 568 1075; x_wconf 87' lang='lat' dir='ltr'><strong>possim</strong></span> <span class='ocrx_word' id='word_1_86' title='bbox 576 1016 672 1064; x_wconf 72' lang='lat' dir='ltr'><strong>morari.</strong></span> 
     </span>
    </p>

    <p class='ocr_par' dir='ltr' id='par_1_3' title="bbox 115 1075 784 1781">
     <span class='ocr_line' id='line_1_14' title="bbox 152 1075 784 1145; baseline -0.002 -19"><span class='ocrx_word' id='word_1_87' title='bbox 152 1079 210 1126; x_wconf 81' lang='lat' dir='ltr'><strong>Iioec</strong></span> <span class='ocrx_word' id='word_1_88' title='bbox 220 1078 248 1134; x_wconf 83' lang='lat' dir='ltr'><strong>si,</strong></span> <span class='ocrx_word' id='word_1_89' title='bbox 261 1077 311 1135; x_wconf 79' lang='lat' dir='ltr'><strong>jam</strong></span> <span class='ocrx_word' id='word_1_90' title='bbox 322 1075 435 1138; x_wconf 82' lang='lat' dir='ltr'><strong>expeditis</strong></span> <span class='ocrx_word' id='word_1_91' title='bbox 445 1075 553 1124; x_wconf 89' lang='lat' dir='ltr'><strong>omnihus</strong></span> <span class='ocrx_word' id='word_1_92' title='bbox 564 1078 643 1139; x_wconf 86' lang='lat' dir='ltr'><strong>rebus,</strong></span> <span class='ocrx_word' id='word_1_93' title='bbox 655 1078 784 1145; x_wconf 70' lang='lat' dir='ltr'><strong>trnnqnsslc-</strong></span> 
     </span>
     <span class='ocr_line' id='line_1_15' title="bbox 118 1139 783 1208; baseline 0.003 -17"><span class='ocrx_word' id='word_1_94' title='bbox 118 1160 164 1208; x_wconf 88' lang='lat' dir='ltr'><strong>que</strong></span> <span class='ocrx_word' id='word_1_95' title='bbox 174 1150 234 1190; x_wconf 80' lang='lat' dir='ltr'><strong>stetu</strong></span> <span class='ocrx_word' id='word_1_96' title='bbox 245 1139 350 1197; x_wconf 74' lang='lat' dir='ltr'><strong>civitatis,</strong></span> <span class='ocrx_word' id='word_1_97' title='bbox 362 1140 483 1201; x_wconf 63' lang='lat' dir='ltr'><strong>pollicem</strong></span> <span class='ocrx_word' id='word_1_98' title='bbox 500 1140 525 1187; x_wconf 91' lang='lat' dir='ltr'><strong>in</strong></span> <span class='ocrx_word' id='word_1_99' title='bbox 536 1140 625 1191; x_wconf 72' lang='lat' dir='ltr'><strong>damno</strong></span> <span class='ocrx_word' id='word_1_100' title='bbox 635 1159 695 1193; x_wconf 74' lang='lat' dir='ltr'><strong>mete</strong></span> <span class='ocrx_word' id='word_1_101' title='bbox 704 1143 783 1203; x_wconf 69' lang='lat' dir='ltr'><strong>lendin,</strong></span> 
     </span>
     <span class='ocr_line' id='line_1_16' title="bbox 117 1203 784 1270; baseline -0.003 -17"><span class='ocrx_word' id='word_1_102' title='bbox 117 1204 248 1270; x_wconf 74' lang='lat' dir='ltr'><strong>reipublice</strong></span> <span class='ocrx_word' id='word_1_103' title='bbox 258 1203 378 1250; x_wconf 88' lang='lat' dir='ltr'><strong>commodo</strong></span> <span class='ocrx_word' id='word_1_104' title='bbox 387 1204 489 1251; x_wconf 82' lang='lat' dir='ltr'><strong>laetebor.</strong></span> <span class='ocrx_word' id='word_1_105' title='bbox 514 1204 557 1252; x_wconf 85' lang='lat' dir='ltr'><strong>Sin</strong></span> <span class='ocrx_word' id='word_1_106' title='bbox 571 1205 601 1253; x_wconf 80' lang='lat' dir='ltr'><strong>ad</strong></span> <span class='ocrx_word' id='word_1_107' title='bbox 612 1209 744 1257; x_wconf 70' lang='lat' dir='ltr'><strong>societaten</strong></span> <span class='ocrx_word' id='word_1_108' title='bbox 752 1208 784 1257; x_wconf 88' lang='lat' dir='ltr'><strong>in.</strong></span> 
     </span>
     <span class='ocr_line' id='line_1_17' title="bbox 116 1267 782 1334; baseline 0.008 -17"><span class='ocrx_word' id='word_1_109' title='bbox 116 1270 290 1334; x_wconf 78' lang='lat' dir='ltr'><strong>tegenimotum</strong></span> <span class='ocrx_word' id='word_1_110' title='bbox 302 1280 324 1315; x_wconf 89' lang='lat' dir='ltr'><strong>et</strong></span> <span class='ocrx_word' id='word_1_111' title='bbox 332 1267 487 1314; x_wconf 79' lang='lat' dir='ltr'><strong>maximorum</strong></span> <span class='ocrx_word' id='word_1_112' title='bbox 498 1269 656 1332; x_wconf 85' lang='lat' dir='ltr'><strong>periculorum</strong></span> <span class='ocrx_word' id='word_1_113' title='bbox 667 1274 782 1330; x_wconf 67' lang='lat' dir='ltr'><strong>eccednmt</strong></span> 
     </span>
     <span class='ocr_line' id='line_1_18' title="bbox 116 1330 783 1394; baseline 0.004 -11"><span class='ocrx_word' id='word_1_114' title='bbox 116 1334 273 1383; x_wconf 71' lang='lat' dir='ltr'><strong>consiliumet</strong></span> <span class='ocrx_word' id='word_1_115' title='bbox 280 1332 352 1394; x_wconf 79' lang='lat' dir='ltr'><strong>nequis</strong></span> <span class='ocrx_word' id='word_1_116' title='bbox 360 1330 476 1393; x_wconf 84' lang='lat' dir='ltr'><strong>judicibus</strong></span> <span class='ocrx_word' id='word_1_117' title='bbox 487 1335 517 1380; x_wconf 83' lang='lat' dir='ltr'><strong>eb</strong></span> <span class='ocrx_word' id='word_1_118' title='bbox 525 1335 690 1386; x_wconf 79' lang='lat' dir='ltr'><strong>obtrectatione</strong></span> <span class='ocrx_word' id='word_1_119' title='bbox 700 1336 783 1385; x_wconf 88' lang='lat' dir='ltr'><strong>invido·</strong></span> 
     </span>
     <span class='ocr_line' id='line_1_19' title="bbox 117 1396 782 1466; baseline 0.003 -18"><span class='ocrx_word' id='word_1_120' title='bbox 117 1416 171 1448; x_wconf 85' lang='lat' dir='ltr'><strong>rum</strong></span> <span class='ocrx_word' id='word_1_121' title='bbox 180 1396 321 1446; x_wconf 84' lang='lat' dir='ltr'><strong>defendenda</strong></span> <span class='ocrx_word' id='word_1_122' title='bbox 331 1396 472 1443; x_wconf 84' lang='lat' dir='ltr'><strong>commendo</strong></span> <span class='ocrx_word' id='word_1_123' title='bbox 491 1397 554 1444; x_wconf 85' lang='lat' dir='ltr'><strong>Mihi</strong></span> <span class='ocrx_word' id='word_1_124' title='bbox 565 1399 660 1461; x_wconf 88' lang='lat' dir='ltr'><strong>quidem</strong></span> <span class='ocrx_word' id='word_1_125' title='bbox 672 1402 718 1466; x_wconf 84' lang='lat' dir='ltr'><strong>ipsi</strong></span> <span class='ocrx_word' id='word_1_126' title='bbox 727 1401 782 1449; x_wconf 68' lang='lat' dir='ltr'><strong>free</strong></span> 
     </span>
     <span class='ocr_line' id='line_1_20' title="bbox 116 1461 783 1524; baseline 0.001 -11"><span class='ocrx_word' id='word_1_127' title='bbox 116 1475 154 1513; x_wconf 87' lang='lat' dir='ltr'><strong>tus</strong></span> <span class='ocrx_word' id='word_1_128' title='bbox 173 1463 307 1511; x_wconf 84' lang='lat' dir='ltr'><strong>meritorum</strong></span> <span class='ocrx_word' id='word_1_129' title='bbox 322 1476 427 1508; x_wconf 91' lang='lat' dir='ltr'><strong>meorum</strong></span> <span class='ocrx_word' id='word_1_130' title='bbox 443 1461 468 1507; x_wconf 89' lang='lat' dir='ltr'><strong>in</strong></span> <span class='ocrx_word' id='word_1_131' title='bbox 484 1461 617 1524; x_wconf 75' lang='lat' dir='ltr'><strong>reipublicae</strong></span> <span class='ocrx_word' id='word_1_132' title='bbox 632 1465 783 1513; x_wconf 75' lang='lat' dir='ltr'><strong>incolumitate</strong></span> 
     </span>
     <span class='ocr_line' id='line_1_21' title="bbox 117 1524 781 1590; baseline -0.003 -12"><span class='ocrx_word' id='word_1_133' title='bbox 117 1531 172 1578; x_wconf 80' lang='lat' dir='ltr'><strong>setis</strong></span> <span class='ocrx_word' id='word_1_134' title='bbox 182 1541 282 1590; x_wconf 78' lang='lat' dir='ltr'><strong>magnus</strong></span> <span class='ocrx_word' id='word_1_135' title='bbox 293 1534 326 1573; x_wconf 86' lang='lat' dir='ltr'><strong>eet</strong></span> <span class='ocrx_word' id='word_1_136' title='bbox 336 1538 435 1588; x_wconf 77' lang='lat' dir='ltr'><strong>paratus</strong></span> <span class='ocrx_word' id='word_1_137' title='bbox 452 1524 500 1572; x_wconf 87' lang='lat' dir='ltr'><strong>Eos</strong></span> <span class='ocrx_word' id='word_1_138' title='bbox 511 1541 573 1586; x_wconf 89' lang='lat' dir='ltr'><strong>vero,</strong></span> <span class='ocrx_word' id='word_1_139' title='bbox 585 1528 636 1590; x_wconf 79' lang='lat' dir='ltr'><strong>qui,</strong></span> <span class='ocrx_word' id='word_1_140' title='bbox 647 1544 726 1578; x_wconf 79' lang='lat' dir='ltr'><strong>mecm</strong></span> <span class='ocrx_word' id='word_1_141' title='bbox 734 1544 781 1577; x_wconf 81' lang='lat' dir='ltr'><strong>euo-</strong></span> 
     </span>
     <span class='ocr_line' id='line_1_22' title="bbox 116 1590 781 1654; baseline -0.005 -11"><span class='ocrx_word' id='word_1_142' title='bbox 116 1595 231 1643; x_wconf 78' lang='lat' dir='ltr'><strong>toritatem</strong></span> <span class='ocrx_word' id='word_1_143' title='bbox 242 1599 264 1639; x_wconf 85' lang='lat' dir='ltr'><strong>ct</strong></span> <span class='ocrx_word' id='word_1_144' title='bbox 280 1591 354 1637; x_wconf 86' lang='lat' dir='ltr'><strong>multo</strong></span> <span class='ocrx_word' id='word_1_145' title='bbox 365 1590 438 1650; x_wconf 82' lang='lat' dir='ltr'><strong>magis</strong></span> <span class='ocrx_word' id='word_1_146' title='bbox 449 1598 546 1637; x_wconf 80' lang='lat' dir='ltr'><strong>vestram</strong></span> <span class='ocrx_word' id='word_1_147' title='bbox 561 1591 633 1639; x_wconf 89' lang='lat' dir='ltr'><strong>fidem</strong></span> <span class='ocrx_word' id='word_1_148' title='bbox 648 1595 729 1654; x_wconf 88' lang='lat' dir='ltr'><strong>secuti,</strong></span> <span class='ocrx_word' id='word_1_149' title='bbox 745 1606 781 1640; x_wconf 83' lang='lat' dir='ltr'><strong>net</strong></span> 
     </span>
     <span class='ocr_line' id='line_1_23' title="bbox 115 1653 781 1721; baseline 0 -18"><span class='ocrx_word' id='word_1_150' title='bbox 115 1660 165 1707; x_wconf 69' lang='lat' dir='ltr'><strong>ulli</strong></span> <span class='ocrx_word' id='word_1_151' title='bbox 176 1673 216 1720; x_wconf 85' lang='lat' dir='ltr'><strong>spc</strong></span> <span class='ocrx_word' id='word_1_152' title='bbox 226 1654 299 1716; x_wconf 87' lang='lat' dir='ltr'><strong>decipi</strong></span> <span class='ocrx_word' id='word_1_153' title='bbox 315 1668 357 1700; x_wconf 87' lang='lat' dir='ltr'><strong>nec</strong></span> <span class='ocrx_word' id='word_1_154' title='bbox 374 1653 423 1699; x_wconf 87' lang='lat' dir='ltr'><strong>ullo</strong></span> <span class='ocrx_word' id='word_1_155' title='bbox 439 1663 503 1701; x_wconf 87' lang='lat' dir='ltr'><strong>metu</strong></span> <span class='ocrx_word' id='word_1_156' title='bbox 519 1656 598 1702; x_wconf 85' lang='lat' dir='ltr'><strong>terreri</strong></span> <span class='ocrx_word' id='word_1_157' title='bbox 614 1667 748 1721; x_wconf 84' lang='lat' dir='ltr'><strong>potuerunt,</strong></span> <span class='ocrx_word' id='word_1_158' title='bbox 758 1664 781 1704; x_wconf 90' lang='lat' dir='ltr'><strong>ut</strong></span> 
     </span>
     <span class='ocr_line' id='line_1_24' title="bbox 115 1716 721 1781; baseline 0.003 -11"><span class='ocrx_word' id='word_1_159' title='bbox 115 1720 286 1770; x_wconf 79' lang='lat' dir='ltr'><strong>commendatos</strong></span> <span class='ocrx_word' id='word_1_160' title='bbox 294 1717 357 1764; x_wconf 79' lang='lat' dir='ltr'><strong>vobis</strong></span> <span class='ocrx_word' id='word_1_161' title='bbox 368 1716 478 1775; x_wconf 80' lang='lat' dir='ltr'><strong>habeatis,</strong></span> <span class='ocrx_word' id='word_1_162' title='bbox 487 1719 613 1781; x_wconf 85' lang='lat' dir='ltr'><strong>petendum</strong></span> <span class='ocrx_word' id='word_1_163' title='bbox 623 1721 721 1771; x_wconf 84' lang='lat' dir='ltr'><strong>videtur.</strong></span> 
     </span>
    </p>
   </div>
   <div class='ocr_carea' id='block_1_3' title="bbox 218 1862 676 1963">
    <p class='ocr_par' dir='ltr' id='par_1_4' title="bbox 218 1862 676 1963">
     <span class='ocr_line' id='line_1_25' title="bbox 218 1862 676 1963; baseline 0.013 -9"><span class='ocrx_word' id='word_1_164' title='bbox 218 1900 271 1963; x_wconf 79' lang='lat' dir='ltr'><strong>(o.)</strong></span> <span class='ocrx_word' id='word_1_165' title='bbox 289 1862 447 1952; x_wconf 68' lang='lat' dir='ltr'><strong>eunucus</strong></span> <span class='ocrx_word' id='word_1_166' title='bbox 464 1904 636 1957; x_wconf 81' lang='lat' dir='ltr'><strong>omnnem</strong></span> <span class='ocrx_word' id='word_1_167' title='bbox 651 1910 676 1960; x_wconf 79' lang='lat' dir='ltr'><strong>s</strong></span> 
     </span>
    </p>
   </div>
   <div class='ocr_carea' id='block_1_4' title="bbox 112 2031 776 2234">
    <p class='ocr_par' dir='ltr' id='par_1_5' title="bbox 112 2031 776 2234">
     <span class='ocr_line' id='line_1_26' title="bbox 150 2031 776 2105; baseline 0.021 -28"><span class='ocrx_word' id='word_1_168' title='bbox 150 2031 343 2092; x_wconf 77' lang='lat' dir='ltr'><strong>(Argumentum.</strong></span> <span class='ocrx_word' id='word_1_169' title='bbox 351 2064 385 2073; x_wconf 92' lang='lat'>-</span> <span class='ocrx_word' id='word_1_170' title='bbox 395 2034 471 2081; x_wconf 87' lang='lat' dir='ltr'><strong>Suum</strong></span> <span class='ocrx_word' id='word_1_171' title='bbox 481 2035 584 2084; x_wconf 88' lang='lat' dir='ltr'><strong>studium</strong></span> <span class='ocrx_word' id='word_1_172' title='bbox 592 2053 648 2101; x_wconf 76' lang='lat' dir='ltr'><strong>enge</strong></span> <span class='ocrx_word' id='word_1_173' title='bbox 657 2040 776 2105; x_wconf 85' lang='lat' dir='ltr'><strong>rempubli-</strong></span> 
     </span>
     <span class='ocr_line' id='line_1_27' title="bbox 112 2096 775 2160; baseline 0.02 -19"><span class='ocrx_word' id='word_1_174' title='bbox 112 2109 164 2143; x_wconf 81' lang='lat' dir='ltr'><strong>cem</strong></span> <span class='ocrx_word' id='word_1_175' title='bbox 174 2110 222 2157; x_wconf 87' lang='lat' dir='ltr'><strong>prae</strong></span> <span class='ocrx_word' id='word_1_176' title='bbox 230 2111 254 2143; x_wconf 89' lang='lat' dir='ltr'><strong>se</strong></span> <span class='ocrx_word' id='word_1_177' title='bbox 261 2096 319 2143; x_wconf 86' lang='lat' dir='ltr'><strong>fert:</strong></span> <span class='ocrx_word' id='word_1_178' title='bbox 332 2097 468 2160; x_wconf 72' lang='lat' dir='ltr'><strong>dignitatem</strong></span> <span class='ocrx_word' id='word_1_179' title='bbox 478 2113 544 2146; x_wconf 85' lang='lat' dir='ltr'><strong>suem</strong></span> <span class='ocrx_word' id='word_1_180' title='bbox 553 2103 715 2153; x_wconf 76' lang='lat' dir='ltr'><strong>commendat:</strong></span> <span class='ocrx_word' id='word_1_181' title='bbox 741 2104 775 2153; x_wconf 88' lang='lat' dir='ltr'><strong>uid</strong></span> 
     </span>
     <span class='ocr_line' id='line_1_28' title="bbox 112 2123 742 2234; baseline 0.019 -28"><span class='ocrx_word' id='word_1_182' title='bbox 112 2158 184 2221; x_wconf 79' lang='lat' dir='ltr'><strong>egerit</strong></span> <span class='ocrx_word' id='word_1_183' title='bbox 194 2168 217 2206; x_wconf 87' lang='lat' dir='ltr'><strong>ct</strong></span> <span class='ocrx_word' id='word_1_184' title='bbox 226 2169 319 2209; x_wconf 78' lang='lat' dir='ltr'><strong>acturus</strong></span> <span class='ocrx_word' id='word_1_185' title='bbox 330 2161 367 2220; x_wconf 88' lang='lat' dir='ltr'><strong>sit,</strong></span> <span class='ocrx_word' id='word_1_186' title='bbox 379 2162 488 2225; x_wconf 85' lang='lat' dir='ltr'><strong>exponit:</strong></span> <span class='ocrx_word' id='word_1_187' title='bbox 506 2164 632 2214; x_wconf 80' lang='lat' dir='ltr'><strong>exercitum</strong></span> <span class='ocrx_word' id='word_1_188' title='bbox 642 2123 742 2234; x_wconf 52' lang='lat' dir='ltr'><strong>laudati</strong></span> 
     </span>
    </p>
   </div>
   <div class='ocr_carea' id='block_1_5' title="bbox 105 2286 781 2745">
    <p class='ocr_par' dir='ltr' id='par_1_6' title="bbox 105 2286 781 2745">
     <span class='ocr_line' id='line_1_29' title="bbox 144 2286 774 2358; baseline 0.024 -25"><span class='ocrx_word' id='word_1_189' title='bbox 144 2286 212 2334; x_wconf 84' lang='lat' dir='ltr'><strong>Nihil</strong></span> <span class='ocrx_word' id='word_1_190' title='bbox 222 2302 261 2334; x_wconf 89' lang='lat' dir='ltr'><strong>me</strong></span> <span class='ocrx_word' id='word_1_191' title='bbox 272 2288 313 2336; x_wconf 86' lang='lat' dir='ltr'><strong>tibi</strong></span> <span class='ocrx_word' id='word_1_192' title='bbox 324 2297 417 2348; x_wconf 85' lang='lat' dir='ltr'><strong>temere,</strong></span> <span class='ocrx_word' id='word_1_193' title='bbox 428 2299 469 2338; x_wconf 81' lang='lat' dir='ltr'><strong>aut</strong></span> <span class='ocrx_word' id='word_1_194' title='bbox 479 2299 501 2338; x_wconf 88' lang='lat' dir='ltr'><strong>te</strong></span> <span class='ocrx_word' id='word_1_195' title='bbox 509 2292 595 2340; x_wconf 77' lang='lat' dir='ltr'><strong>ceteris</strong></span> <span class='ocrx_word' id='word_1_196' title='bbox 605 2294 691 2358; x_wconf 85' lang='lat' dir='ltr'><strong>deme,</strong></span> <span class='ocrx_word' id='word_1_197' title='bbox 699 2298 774 2347; x_wconf 70' lang='lat' dir='ltr'><strong>fiuent</strong></span> 
     </span>
     <span class='ocr_line' id='line_1_30' title="bbox 111 2350 773 2415; baseline 0.02 -19"><span class='ocrx_word' id='word_1_198' title='bbox 111 2350 220 2414; x_wconf 75' lang='lat' dir='ltr'><strong>recepisse</strong></span> <span class='ocrx_word' id='word_1_199' title='bbox 230 2351 302 2399; x_wconf 77' lang='lat' dir='ltr'><strong>letor.</strong></span> <span class='ocrx_word' id='word_1_200' title='bbox 321 2353 388 2400; x_wconf 80' lang='lat' dir='ltr'><strong>Certe</strong></span> <span class='ocrx_word' id='word_1_201' title='bbox 399 2355 442 2402; x_wconf 91' lang='lat' dir='ltr'><strong>hoc</strong></span> <span class='ocrx_word' id='word_1_202' title='bbox 452 2356 528 2415; x_wconf 80' lang='lat' dir='ltr'><strong>majus</strong></span> <span class='ocrx_word' id='word_1_203' title='bbox 542 2355 613 2405; x_wconf 80' lang='lat' dir='ltr'><strong>hebes</strong></span> <span class='ocrx_word' id='word_1_204' title='bbox 624 2362 773 2411; x_wconf 81' lang='lat' dir='ltr'><strong>testimoninm</strong></span> 
     </span>
     <span class='ocr_line' id='line_1_31' title="bbox 111 2415 773 2485; baseline 0.017 -20"><span class='ocrx_word' id='word_1_205' title='bbox 111 2415 195 2465; x_wconf 78' lang='lat' dir='ltr'><strong>emonis</strong></span> <span class='ocrx_word' id='word_1_206' title='bbox 205 2416 260 2474; x_wconf 86' lang='lat' dir='ltr'><strong>mei,</strong></span> <span class='ocrx_word' id='word_1_207' title='bbox 272 2431 318 2478; x_wconf 92' lang='lat' dir='ltr'><strong>quo</strong></span> <span class='ocrx_word' id='word_1_208' title='bbox 329 2418 441 2465; x_wconf 85' lang='lat' dir='ltr'><strong>maturius</strong></span> <span class='ocrx_word' id='word_1_209' title='bbox 452 2419 502 2476; x_wconf 86' lang='lat' dir='ltr'><strong>tibi,</strong></span> <span class='ocrx_word' id='word_1_210' title='bbox 515 2436 586 2483; x_wconf 77' lang='lat' dir='ltr'><strong>quam</strong></span> <span class='ocrx_word' id='word_1_211' title='bbox 597 2425 694 2485; x_wconf 70' lang='lat' dir='ltr'><strong>cetone,</strong></span> <span class='ocrx_word' id='word_1_212' title='bbox 710 2424 773 2475; x_wconf 86' lang='lat' dir='ltr'><strong>cond·</strong></span> 
     </span>
     <span class='ocr_line' id='line_1_32' title="bbox 109 2479 773 2539; baseline 0.018 -11"><span class='ocrx_word' id='word_1_213' title='bbox 109 2482 142 2529; x_wconf 83' lang='lat' dir='ltr'><strong>lic</strong></span> <span class='ocrx_word' id='word_1_214' title='bbox 151 2496 204 2528; x_wconf 80' lang='lat' dir='ltr'><strong>mee</strong></span> <span class='ocrx_word' id='word_1_215' title='bbox 214 2479 278 2527; x_wconf 86' lang='lat' dir='ltr'><strong>volui</strong></span> <span class='ocrx_word' id='word_1_216' title='bbox 285 2495 334 2528; x_wconf 83' lang='lat' dir='ltr'><strong>esse</strong></span> <span class='ocrx_word' id='word_1_217' title='bbox 340 2489 402 2528; x_wconf 79' lang='lat' dir='ltr'><strong>noto.</strong></span> <span class='ocrx_word' id='word_1_218' title='bbox 420 2483 450 2529; x_wconf 91' lang='lat' dir='ltr'><strong>In</strong></span> <span class='ocrx_word' id='word_1_219' title='bbox 459 2482 506 2530; x_wconf 87' lang='lat' dir='ltr'><strong>dies</strong></span> <span class='ocrx_word' id='word_1_220' title='bbox 513 2499 565 2532; x_wconf 86' lang='lat' dir='ltr'><strong>vero</strong></span> <span class='ocrx_word' id='word_1_221' title='bbox 573 2487 710 2538; x_wconf 84' lang='lat' dir='ltr'><strong>meritorum</strong></span> <span class='ocrx_word' id='word_1_222' title='bbox 718 2503 773 2539; x_wconf 84' lang='lat' dir='ltr'><strong>meo·</strong></span> 
     </span>
     <span class='ocr_line' id='line_1_33' title="bbox 108 2544 773 2619; baseline 0.018 -28"><span class='ocrx_word' id='word_1_223' title='bbox 108 2544 163 2595; x_wconf 84' lang='lat' dir='ltr'><strong>&#39;rum</strong></span> <span class='ocrx_word' id='word_1_224' title='bbox 181 2544 231 2593; x_wconf 86' lang='lat' dir='ltr'><strong>fieri</strong></span> <span class='ocrx_word' id='word_1_225' title='bbox 247 2545 390 2603; x_wconf 72' lang='lat' dir='ltr'><strong>accessiones,</strong></span> <span class='ocrx_word' id='word_1_226' title='bbox 407 2547 531 2608; x_wconf 71' lang='lat' dir='ltr'><strong>previdere</strong></span> <span class='ocrx_word' id='word_1_227' title='bbox 544 2557 567 2596; x_wconf 85' lang='lat' dir='ltr'><strong>te</strong></span> <span class='ocrx_word' id='word_1_228' title='bbox 577 2564 659 2613; x_wconf 83' lang='lat' dir='ltr'><strong>spero:</strong></span> <span class='ocrx_word' id='word_1_229' title='bbox 678 2554 773 2619; x_wconf 72' lang='lat' dir='ltr'><strong>cogniti·</strong></span> 
     </span>
     <span class='ocr_line' id='line_1_34' title="bbox 107 2608 771 2684; baseline 0.011 -23"><span class='ocrx_word' id='word_1_230' title='bbox 107 2628 162 2662; x_wconf 83' lang='lat' dir='ltr'><strong>rum</strong></span> <span class='ocrx_word' id='word_1_231' title='bbox 174 2610 252 2676; x_wconf 78' lang='lat' dir='ltr'><strong>magis</strong></span> <span class='ocrx_word' id='word_1_232' title='bbox 262 2609 357 2675; x_wconf 79' lang='lat' dir='ltr'><strong>recipie.</strong></span> <span class='ocrx_word' id='word_1_233' title='bbox 372 2608 448 2683; x_wconf 66' lang='lat' dir='ltr'><strong>Quod</strong></span> <span class='ocrx_word' id='word_1_234' title='bbox 454 2611 533 2656; x_wconf 63' lang='lat' dir='ltr'><strong>adme</strong></span> <span class='ocrx_word' id='word_1_235' title='bbox 540 2613 632 2684; x_wconf 63' lang='lat' dir='ltr'><strong>attinet</strong></span> <span class='ocrx_word' id='word_1_236' title='bbox 646 2618 682 2666; x_wconf 88' lang='lat' dir='ltr'><strong>mi</strong></span> <span class='ocrx_word' id='word_1_237' title='bbox 693 2619 771 2675; x_wconf 73' lang='lat' dir='ltr'><strong>coeo,</strong></span> 
     </span>
     <span class='ocr_line' id='line_1_35' title="bbox 105 2673 781 2745; baseline 0 -18"><span class='ocrx_word' id='word_1_238' title='bbox 105 2679 152 2745; x_wconf 76' lang='lat' dir='ltr'><strong>(ite</strong></span> <span class='ocrx_word' id='word_1_239' title='bbox 159 2679 195 2729; x_wconf 82' lang='lat' dir='ltr'><strong>ab</strong></span> <span class='ocrx_word' id='word_1_240' title='bbox 207 2673 781 2745; x_wconf 46' lang='lat' dir='ltr'><strong>iinm&#39;tumtibusmciisnespuuueme&amp;mutuus</strong></span> 
     </span>
    </p>
   </div>
   <div class='ocr_carea' id='block_1_6' title="bbox 0 0 830 2948">
    <p class='ocr_par' dir='ltr' id='par_1_7' title="bbox 0 0 830 2948">
     <span class='ocr_line' id='line_1_36' title="bbox 0 0 830 2948; baseline 0 3"><span class='ocrx_word' id='word_1_241' title='bbox 0 0 830 2948; x_wconf 95' lang='lat' dir='ltr'><strong> </strong></span> 
     </span>
    </p>
   </div>
  </div>
 </body>
</html>
