1650 2948
80 139 127 187 128
200 137 250 185 AD
268 137 447 187 DIVERSOS.
468 136 526 185 lun.
537 136 570 186 V.
590 138 628 184 12.

79 267 179 316 ostendis
190 277 213 315 te
221 283 268 316 esse
276 268 401 326 facturum,
412 275 491 314 tamen
500 265 604 330 ignoscas
614 263 686 315 velim
695 264 751 315 hnic

79 333 219 380 festinationi
229 348 293 379 meae.
319 332 399 379 Genus
418 333 480 379 enim
493 330 630 394 scriptorum
646 339 752 391 tuorum,

81 398 123 445 etsi
138 406 186 444 erat
200 412 289 458 semper
299 412 313 442 a
323 411 361 442 me
372 397 517 443 vehementer
534 403 700 458 exspectatum,
715 405 752 444 ta-

81 477 136 508 men
153 461 207 509 vicit
225 460 355 522 opinionem
372 454 466 516 meam}
484 475 568 522 meque
585 460 618 506 ita
634 461 671 507 vel
682 461 751 524 oepit,

82 527 118 573 vel
128 525 236 582 incendit,
249 533 275 571 ut
286 540 392 586 cuperem
404 540 475 587 quam
486 524 601 571 celerrime
616 540 652 571 res
662 535 754 573 nostras

81 589 228 637 monimentis
244 589 399 636 commendari
412 590 466 636 tuis.
491 589 577 652 Neque
587 588 651 636 enim
665 604 705 636 me
715 606 754 639 so-

81 653 133 705 lum
149 653 335 702 commemoratio
351 653 489 716 posteritatis
503 653 533 700 ad
549 668 612 716 spem
625 653 752 716 quamdam

81 718 259 766 immortalitatis
270 719 345 781 rapite
363 717 483 766 sedetiam
493 717 534 764 illa
545 716 667 780 cupiditas,
677 727 707 766 nt
716 719 753 767 vel

83 782 216 831 auctoritate
226 783 351 830 testimonii
367 783 410 840 tui,
427 783 464 830 vel
480 781 564 829 indicio
578 783 752 844 benevolentia,

84 847 121 895 vel
131 847 242 895 suavitate
249 846 344 910 ingenii,
355 847 402 895 vivi
412 847 564 909 perfruamur.

116 913 202 976 Neque
212 921 299 971 tamen,
310 913 359 959 haec
369 926 423 959 curn
433 911 568 969 scribebam,
579 924 643 958 etam
653 910 753 972 nescius,

83 978 176 1039 quantis
192 977 299 1025 oneribus
316 991 443 1039 premerere
457 983 614 1038 susceptorum
631 990 719 1035 rerum,
730 983 757 1025 et

80 1041 131 1100 jam
142 1041 306 1089 institutarum.
324 1040 377 1099 Sed,
389 1039 445 1103 quia
455 1039 569 1099 videbam,
577 1039 654 1086 Italici
664 1040 721 1088 belli
731 1049 759 1089 et·

82 1104 155 1154 civilia
161 1104 280 1151 historiam
289 1105 339 1164 jum
348 1113 392 1151 ete
402 1118 468 1166 paene
478 1118 526 1152 esse
535 1103 677 1166 perfectam
688 1104 756 1154 dixe·

82 1186 120 1219 ras
130 1177 208 1216 autem
220 1166 289 1224 mihi,
300 1176 323 1214 te
335 1168 435 1230 reliquas
452 1183 487 1215 res
504 1167 590 1224 ordiris
606 1167 685 1217 deesse
695 1168 760 1219 milri

82 1233 156 1292 nolui,
168 1232 225 1295 quin
235 1240 258 1278 te
268 1230 425 1291 admonerem,
436 1241 464 1279 ut
474 1232 591 1295 cogitares,
602 1233 759 1295 conjunctura-

82 1299 163 1346 rnalles
175 1311 229 1343 oum
243 1295 337 1359 reliquis
354 1297 422 1344 rebus
436 1305 514 1344 nostra
522 1305 650 1357 contexere,
667 1313 698 1345 sn
716 1300 754 1352 (ut

82 1361 152 1409 multi
163 1359 238 1408 Graeci
248 1360 358 1418 iecerunt,
371 1359 522 1408 Callisthenes
532 1360 645 1409 Troicum
653 1362 753 1421 bellum,

83 1427 187 1475 Timauo
198 1425 291 1488 Pyrrhi,
302 1425 414 1488 Polybius
422 1425 609 1482 Numantinumt
621 1426 663 1489 qui
673 1440 755 1476 omnes

83 1508 99 1539 a
108 1489 223 1555 perpetuis
234 1490 280 1537 suis
290 1489 390 1537 tristoriis
401 1505 435 1548 ea,
447 1505 500 1554 quae
516 1488 574 1547 dixi,
585 1490 648 1537 bella
663 1490 760 1555 separa*

84 1564 176 1612 verunt)
187 1562 213 1601 tu
232 1569 325 1617 quoque
342 1554 399 1601 item
414 1554 503 1601 civilem
522 1553 704 1621 conjurationem
722 1556 760 1604 ab

84 1620 206 1668 hostilibus
214 1619 358 1680 externisque
369 1619 567 1680 bellissejungere.

118 1683 235 1746 Equidem
250 1681 280 1728 ad
290 1690 391 1728 nostram
402 1682 496 1728 laudem
510 1696 557 1728 non
573 1682 676 1730 multum
688 1682 754 1732 rideo

84 1747 205 1795 interesse:
224 1745 264 1792 sed
274 1744 304 1790 ad
314 1745 496 1807 properationem
507 1760 584 1793 meam
594 1746 708 1810 quiddam
718 1747 755 1795 in.

84 1819 161 1868 terest,
176 1822 223 1856 non
234 1816 257 1854 te
271 1816 409 1871 exspectare,
423 1809 481 1856 dum
492 1810 521 1856 ad
532 1810 609 1856 locum
625 1811 717 1868 venias;
728 1827 755 1860 ac

83 1875 163 1922 statim
171 1887 264 1920 caumm
273 1872 339 1919 illam
346 1880 419 1920 totam
427 1882 450 1920 et
458 1881 549 1936 tempus
557 1874 663 1937 arripere.
680 1875 715 1923 Et
725 1877 756 1924 si·

84 1938 145 1997 mul,
156 1937 176 1985 si
186 1952 233 1984 uno
243 1935 269 1982 in
279 1946 424 1999 argumento,
435 1937 528 2001 unique
535 1937 560 1984 in
571 1938 677 2000 percont,
688 1954 757 1988 mens

84 2010 127 2050 tna
136 2010 184 2049 tota
194 2001 333 2058 versabiture
345 2016 412 2049 cerno
420 2003 470 2062 jam
481 2002 567 2063 animo,
578 2011 667 2066 quanto
676 2004 757 2053 omnia

84 2066 191 2115 uberiora
200 2074 270 2129 atque
279 2066 393 2114 ornatiora
403 2065 482 2114 futura
490 2067 542 2114 sint.

117 2131 202 2193 Neque
219 2138 297 2178 tamen
311 2130 399 2193 ignoro,
416 2146 488 2195 quam
504 2129 652 2194 impudenter
662 2131 756 2196 isdem,

84 2195 127 2260 qui
144 2193 247 2257 primum
269 2195 311 2242 tibi
330 2203 421 2242 tannim
435 2194 509 2242 oneris
521 2195 650 2258 imponam,
671 2201 760 2261 (potest

84 2259 148 2309 enim
158 2257 217 2304 mihi
227 2257 339 2321 denegare
348 2260 466 2322 occupatio
482 2268 533 2318 tua)
544 2259 627 2307 deinde
637 2261 716 2322 etiam,
727 2271 755 2311 nt

85 2338 152 2372 ornes
162 2336 209 2380 me,
220 2323 343 2385 postulem.
359 2323 434 2383 Quid,
446 2324 465 2372 si
475 2323 516 2372 illa
526 2323 570 2372 tibi
579 2338 627 2372 non
637 2333 756 2389 tantopore

85 2387 192 2438 nidenan
201 2386 322 2436 ornanda?
339 2388 385 2435 Sed
398 2396 485 2447 tamem
502 2388 543 2452 qui
559 2389 630 2437 semel
646 2405 757 2439 vescun-

85 2453 130 2502 ἀίω
140 2452 198 2500 fines
204 2450 328 2511 nansierit,
337 2467 392 2500 eum
402 2455 461 2500 bene
471 2460 494 2500 et
509 2452 597 2501 neuter
607 2463 697 2517 oportet
708 2470 765 2504 esse.

84 2516 252 2583 impudentem.
268 2516 351 2579 Itaque
359 2527 383 2564 te
392 2518 461 2580 plane
471 2516 541 2565 etiam
551 2525 621 2581 atque
637 2518 709 2568 etiam
720 2534 757 2568 ro·

72 2597 116 2643 go,
130 2588 194 2630 utet
200 2596 269 2631 ornes
278 2596 305 2629 ea
320 2580 478 2630 vehementius
488 2582 566 2639 etiam
578 2596 650 2645 quam
662 2582 757 2633 fortasse

64 2645 150 2708 mnas,
169 2648 231 2698 etin
243 2648 348 2714 seleges
363 2644 601 2710 hienrianegligaat
614 2646 763 2711 gratiamque:
