1650 2948
68 145 118 194 334
190 143 242 193 AD
257 141 436 194 mvmtsos.
453 141 515 190 lant.
532 139 583 191 XL
598 140 625 196 Ί.

68 274 111 321 lud
122 273 164 322 tibi
179 273 314 338 persuadeas
324 272 404 331 velim,
421 286 461 319 me
471 271 561 329 omn'na,
572 284 627 334 quse
636 266 666 317 ad
675 275 733 314 lnam

68 338 204 401 dignitatem
221 338 350 401 augendam
366 335 515 400 pertinebunt
533 339 598 399 (qne
615 341 650 382 est
663 347 701 396 per
710 345 734 378 ae

69 401 231 464 amplissima),
242 417 335 451 summo
345 411 435 464 semper
448 399 526 447 studio
537 409 704 462 suscepmnrm,
713 401 734 442 et

69 465 231 514 defensurum:
255 466 318 529 quod
339 479 486 528 quamquam
501 463 609 526 intelligo
629 476 668 510 me
686 473 734 534 mm

69 531 150 577 multis
161 547 209 578 esse
218 530 343 591 facturum,
350 538 428 577 tamen
436 536 547 592 appetam
557 527 630 589 huius
639 525 672 575 rei
678 536 734 588 prm·

70 593 181 658 cipetum.
198 595 265 651 Vale.

87 777 144 840 (7.)
161 778 200 828 M.
217 779 351 892 ciceroJ
351 777 395 893 131}
410 777 542 893 {egen
560 776 638 826 uun
657 773 720 824 cos

111 975 347 1037 (Argumentum-
357 975 451 1035 Suadet,
470 990 509 1034 ne,
528 975 555 1022 in
571 974 647 1022 salute
662 969 734 1036 populi

72 1038 174 1086 Romani
185 1039 278 1099 tuendi,
287 1043 378 1088 senatis
389 1039 549 1088 auctoritatem
559 1044 682 1103 aspectet,
692 1033 735 1093 td,

72 1104 136 1166 quod
146 1103 189 1151 sibi
198 1111 287 1151 rectum
298 1104 410 1164 videatur,
421 1103 509 1164 faciat.)

103 1231 166 1278 Cum
172 1231 313 1280 adhibuisset
319 1231 383 1281 domi
388 1248 447 1281 meae
453 1232 537 1296 Icupus
542 1247 582 1280 me
590 1230 735 1286 alannum,

72 1306 95 1341 et
106 1295 221 1355 Servium,
233 1297 394 1345 consobrinum
405 1305 482 1357 tuum,
489 1313 543 1360 quae
552 1312 607 1344 mea
616 1294 685 1343 fuerit
692 1307 737 1341 sen·

71 1359 150 1417 tentia,
168 1363 277 1423 cognosse
294 1371 317 1410 te
331 1378 360 1409 ex
371 1361 408 1409 M.
421 1361 473 1409 Seio
483 1362 590 1422 arbitror,
608 1360 650 1424 qui
665 1364 736 1406 nostre

70 1423 169 1471 sermoni
179 1424 290 1472 interfuit.
307 1427 416 1489 Reliqua,
424 1441 568 1489 quamquam
577 1425 655 1473 statim
663 1422 736 1470 Seium

71 1486 187 1537 Graeceius
198 1498 232 1537 est
242 1492 385 1551 subsecutis,
402 1499 481 1538 tamen
496 1505 526 1538 ex
538 1489 642 1538 Graeceio
657 1484 736 1551 poterit

73 1567 100 1600 oo
133 1569 215 1602 meere.

100 1569 183 1681 {nepot
193 1629 271 1666 autem
282 1618 378 1676 esthon,
395 1617 458 1682 quod
469 1625 492 1665 te
502 1617 678 1680 diligentissime
692 1629 738 1678 per·

72 1682 328 1809 cessetur
337 1681 739 1806 aucuns„

71 1813 110 1856 tls
127 1818 250 1873 exspectes,
262 1809 367 1856 nondum
385 1811 468 1866 liberi;
486 1825 517 1858 ne
533 1818 556 1857 et
574 1819 645 1857 tuum
659 1809 738 1869 factum

71 1873 216 1932 condemnes,
230 1875 306 1947 (nullo
319 1874 383 1921 enim
399 1875 493 1936 publico
508 1874 604 1922 oonsilio
620 1870 739 1936 rempdbli·

72 1951 124 1983 oem
140 1937 259 1993 liberium
276 1954 323 2001 quo
340 1939 410 1986 etiam
425 1946 458 1986 est
468 1954 503 1986 res
520 1939 561 1986 illa
575 1939 652 1998 major
668 1947 690 1984 et
699 1935 739 1984 dt·

72 1998 129 2060 rior)
142 2009 165 2047 et
175 2001 350 2063 adolescentem,
363 2003 400 2051 vel
410 2018 509 2065 puerum
520 2003 607 2065 potius,
622 2003 738 2056 cmm,

70 2063 159 2125 judices
170 2073 255 2112 temere
265 2066 352 2124 fecisse,
370 2067 411 2128 qui
424 2075 512 2115 tantam
524 2082 618 2114 oausam
629 2065 740 2129 publicam

73 2127 162 2190 privato
174 2131 267 2177 consilio
283 2131 422 2195 susceperit3
440 2131 539 2194 denique
555 2131 662 2178 homines
679 2124 740 2176 rusti-

73 2207 119 2251 cos,
132 2192 171 2239 sed
181 2193 315 2242 fortissimos
321 2195 389 2251 viros,
399 2195 504 2258 civesque
511 2195 621 2258 optimos,
629 2195 740 2242 demone

73 2255 143 2303 fuisse
151 2256 248 2317 judices,
261 2260 364 2320 primum
374 2260 459 2306 milites
470 2267 597 2317 veteranos,
610 2257 741 2306 commilito-

74 2335 114 2368 nes
125 2328 186 2380 tuos,
197 2321 279 2370 deinde
289 2323 404 2386 legionem
416 2323 537 2381 Martiam,
550 2324 668 2386 legionem
678 2334 740 2386 qnar-

73 2393 131 2444 tam,
150 2401 203 2448 qum
220 2401 289 2433 suum
303 2389 421 2435 consulem
431 2387 521 2434 hostem
529 2387 701 2448 judicaverunt,
711 2399 741 2432 ee·

73 2465 120 2512 que
130 2449 160 2497 ad
171 2450 268 2498 salutern
276 2451 408 2514 reipublice
415 2451 584 2499 defendendam
592 2453 740 2515 contulerunt

73 2513 189 2562 Voluntas
200 2518 290 2563 senatis
300 2531 342 2577 pro
356 2516 491 2563 auctoritate
506 2515 589 2564 haberi
605 2515 683 2575 debet,
693 2527 741 2563 orm

71 2578 198 2629 auctoritas
207 2578 332 2647 impeditur
340 2588 414 2628 metu.
439 2580 568 2640 Postremo,
588 2587 695 2644 suscepta
704 2575 742 2626 tibi
