1650 2948
195 141 247 191 an
262 141 439 193 nrvnusos.
457 107 521 190 uua
538 143 584 193 rv.
600 149 623 195 o.
698 149 741 197 rur

75 272 206 320 libertatem
217 272 342 334 sequimur,
351 272 391 334 qui
402 273 465 320 locus
476 272 519 321 hoc
530 274 649 322 dominatu
661 279 744 321 venet?

74 337 109 384 ein
128 336 323 399 qualemcumque
338 337 423 393 locum,
441 353 494 398 quae
506 348 540 386 est
554 339 678 386 domestici
693 339 745 385 sede

72 399 218 462 jucundior?
244 399 289 447 Sed
305 399 364 446 mihi
380 401 454 459 erede,
474 401 542 450 etiam
560 404 588 463 is,
608 404 651 467 qui
668 403 749 450 omnia·

75 472 146 522 tenet,
158 464 222 512 favet
235 462 347 525 ingeniis:
364 464 506 513 nobilitatem
522 483 575 515 vero
591 476 614 516 et
623 467 746 531 dignitates

73 528 209 587 homiuum,
220 538 335 591 quantum
351 527 373 575 ei
389 543 425 576 ree
435 537 458 576 et
472 529 543 594 ipsius
555 547 624 581 mura
634 531 745 590 noncedit,

28 656 31 663 ἢ
74 592 230 657 amplectitur.
254 590 301 640 Sed
320 591 397 654 plum,
419 609 490 656 quam
511 605 642 644 statueram.
665 595 745 644 Redeo

75 673 131 722 ergo
145 657 177 705 ad
194 671 269 704 unum
280 655 347 712 illud,
358 670 397 703 me
407 664 475 703 tuum
486 674 548 715 esre3
565 660 613 708 fore
623 675 677 708 cum
688 660 743 717 tuis,

74 721 252 774 rimodoerunt
266 720 316 768 tuit
333 719 369 768 sin
383 720 469 778 minus,
483 733 590 771 meoerte
602 725 744 772 inomnibus

74 788 143 899 ἣν
157 785 213 834 retis
225 794 308 833 nostrie
319 784 474 846 oonjunotioni
489 786 607 849 amorique
621 787 744 836 facturum.

123 866 144 898 e·

125 1037 182 1104 (n.)
205 1038 327 1088 uuo.
351 1041 376 1088 s.
391 1040 424 1089 u.
447 1040 485 1090 rr.
503 1039 704 1090 Mlucuuw.

108 1169 465 1235 (Argumentum-Reddam
479 1170 504 1217 in
516 1171 615 1234 patriam
634 1170 747 1218 Mnroello

74 1235 166 1293 madet,
178 1233 282 1282 refutatis
290 1234 394 1296 singulis,
406 1250 459 1297 quae
464 1234 594 1283 dissuadere
602 1235 747 1294 videbantur,

75 1298 204 1364 pmerdm
217 1298 280 1362 quod
297 1313 339 1346 nee
351 1299 417 1347 aliter
431 1299 537 1348 futurum
548 1299 668 1360 tuitiensi
683 1299 749 1348 vicis·

76 1373 128 1414 tent
138 1360 297 1426 Pompeiani.)

108 1491 172 1552 Eoi,
279 1491 310 1539 cis
326 1499 380 1540 unte
393 1492 483 1551 diebus,
497 1491 605 1538 dederam
622 1490 654 1549 Q.
667 1490 749 1538 Mucio

77 1558 156 1624 literne
167 1507 347 1630 mribus
358 1556 432 1604 verbis
437 1557 545 1619 emptae,
558 1555 643 1618 quibus
650 1555 751 1629 declam·

77 1618 751 1745 lffidtutllffit‘t‘lltllt‘nssnll

78 1752 176 1800 liberere
192 1757 256 1807 nius,
270 1748 456 1811 proiioisoeretur‚
474 1750 540 1809 cujus
557 1763 600 1810 ego
612 1746 683 1794 fidem
697 1761 751 1808 erge

77 1824 102 1864 te
117 1813 347 1876 benevolentiamque
360 1828 528 1875 perspexeram,
542 1813 591 1859 uine
604 1810 662 1859 meis
680 1810 751 1858 literis

79 1895 135 1928 enm
146 1877 177 1925 ad
188 1887 211 1925 te
222 1877 299 1925 venire
308 1876 380 1924 nolui.
398 1877 484 1924 lisdem
494 1876 565 1939 igitur
572 1885 596 1923 te
605 1876 673 1922 rebus
681 1875 750 1922 etiam

79 1952 152 2007 atque
163 1941 233 1989 etiem
249 1941 336 1998 hortor,
354 1942 438 2004 quibus
453 1941 606 2003 superioribus
616 1940 687 1986 literis
697 1940 751 1986 hor-

80 2016 144 2057 tatus
155 2021 218 2065 sum,
226 2014 252 2052 ut
262 2006 287 2052 in
298 2004 325 2052 ed
335 2005 460 2069 republicd,
469 2019 621 2068 quaecumque
631 2011 673 2062 est,
680 2019 751 2068 quam

66 2072 188 2135 ,primum
199 2069 256 2118 velie
266 2084 321 2117 esee.

116 2133 198 2185 Multa
214 2133 301 2182 videbis
311 2135 413 2190 fortasse,
425 2149 478 2197 quae
488 2132 562 2189 nolim
579 2146 625 2184 non
641 2132 708 2195 plura
718 2140 753 2180 ta·

84 2214 149 2258 men,
168 2213 240 2261 quom
257 2197 324 2245 audis
341 2198 451 2261 quotidie.
467 2199 524 2245 Non
541 2205 576 2246 ert
592 2212 659 2260 porro
676 2206 753 2254 tuum,

83 2279 132 2313 uno
142 2277 211 2311 sensu
221 2263 297 2310 solum
307 2263 426 2310 oculomm
436 2261 538 2318 moveri3
555 2277 608 2309 cum
619 2261 681 2309 idem
695 2261 754 2306 illud

83 2328 180 2376 antibus
199 2326 319 2390 percipias,
340 2326 403 2391 quod
420 2327 490 2374 etiam
507 2328 583 2388 majus
600 2325 672 2378 videri
689 2325 754 2380 solet,

85 2393 166 2440 minuo
175 2388 286 2438 laborare.
303 2393 339 2439 At
351 2391 394 2438 tibi
406 2390 450 2453 ipsi
463 2391 585 2438 dicendum
600 2390 645 2437 erit
658 2387 755 2449 aliquid,

103 2455 152 2503 uod
162 2470 209 2503 non
220 2455 319 2512 rentiam
336 2463 376 2504 aut
386 2455 524 2514 faciendum,
537 2454 600 2519 quod
609 2469 656 2501 non
667 2452 756 2514 probes.

110 2521 207 2579 timum,
218 2521 316 2583 tempori
327 2520 404 2568 oedere
417 2520 453 2583 (id
470 2529 512 2578 est,
525 2517 652 2568 necessitati
667 2511 756 2577 parere)

71 2631 74 2637 ,
84 2599 177 2649 mper
187 2583 296 2646 sapientie
306 2593 339 2633 est
351 2583 472 2633 habitum:
490 2583 574 2632 deinde
582 2579 724 2634 uerteret„
730 2586 763 2625 ut

85 2663 150 2698 nunc
163 2647 259 2710 quidem,
270 2657 311 2708 eet,
325 2647 350 2697 id
365 2648 414 2698 vitii
430 2666 474 2701 ree.
494 2650 584 2701 Dicere
597 2648 708 2703 iorteaoe„
722 2659 780 2706 qun

559 2717 611 2766 un
