1650 2948
116 390 165 437 202
220 387 270 436 AD
287 388 544 438 Drvnnsos.n1o.
564 386 626 436 vn.
644 386 684 435 21.

117 516 166 577 det,
177 517 310 582 perfugium
319 519 460 581 temporibus
469 517 569 577 futuru,
580 515 698 565 admon&
714 512 787 577 ceip-

117 589 143 629 ts
152 590 206 630 ente
216 582 365 645 superiorem,
376 591 404 630 ut
414 582 463 631 dies
473 581 588 646 adscripts
597 578 717 640 ostendit.)

124 750 127 761 .
149 710 281 759 Amabilior
294 711 354 759 mihi
364 711 433 759 Velia
449 712 503 769 fuit,
521 711 585 775 quod
601 718 625 758 te
637 710 668 757 ab
686 708 715 758 ed
729 706 786 757 emm

117 776 197 823 curari.
214 775 259 823 Sed
266 776 323 838 quid
334 776 461 839 egodicam
471 788 502 832 te,
510 791 581 839 quem
592 775 645 839 quis
652 788 701 821 non
708 774 786 821 amnti

118 839 190 887 Rufio
203 839 303 893 (medius
317 840 396 898 fidius)
415 851 468 888 tuus
485 840 518 887 ita
532 840 714 896 desiderabatur,
729 845 756 885 ut
768 835 787 885 oi

117 915 175 951 esser
185 918 246 951 unus
257 920 270 951 e
280 904 354 952 nobis.
376 905 423 953 Sed
434 921 476 968 ego
486 914 509 953 te
523 919 571 953 non
585 902 736 967 reprebendo,
749 900 787 966 qui

116 966 184 1014 illum
193 967 223 1014 ad
231 968 404 1017 aedifioeoonem
412 978 476 1017 tuam
484 968 620 1016 traduxeris.
638 967 787 1030 Quamquam

117 1032 180 1079 enim
191 1032 261 1081 velia
271 1048 318 1081 non
329 1042 363 1081 est
375 1034 441 1082 vilior
451 1048 523 1097 quam
534 1032 659 1096 Lupercal,
671 1040 750 1079 temen
759 1030 787 1077 is·

116 1098 234 1155 turmale,
244 1114 316 1162 quam
326 1099 375 1160 hpoc
385 1098 470 1146 omnia.
487 1097 536 1157 Tu,
546 1098 565 1145 si
576 1113 614 1144 me
622 1096 712 1155 audies,
720 1109 787 1159 quem

116 1162 184 1221 soles,
196 1161 237 1209 hos
248 1173 354 1225 paternas
364 1163 513 1226 possessiones
525 1162 621 1219 tenebis,
635 1160 724 1225 (nescio
734 1158 787 1224 quid

116 1227 179 1273 enim
201 1227 318 1275 Velienses
338 1230 483 1285 verebuntur)
509 1242 585 1290 neque
603 1226 725 1284 Heletem,
745 1238 784 1272 no·

115 1290 187 1337 bilem
204 1305 306 1350 amnem,
325 1292 448 1355 relinques,
466 1307 508 1339 nec
525 1290 675 1354 Papirianam
693 1289 786 1337 domum

114 1353 218 1409 deseres;
236 1370 378 1417 quamquam
389 1356 430 1403 illa
439 1356 532 1419 quidem
543 1357 613 1403 habet
623 1355 731 1413 loturus
741 1368 785 1418 quo

114 1417 184 1464 etiam
201 1417 294 1464 advena)
311 1419 382 1465 teneri
401 1421 489 1468 solent:
513 1435 584 1484 quem
600 1428 680 1467 tamen
692 1419 713 1467 si
727 1417 785 1466 exci-

113 1479 181 1540 deris,
195 1482 297 1528 multum
308 1485 458 1546 prospexeris.

146 1546 192 1593 Sed
202 1546 227 1592 in
238 1547 319 1609 primis
329 1560 486 1611 opportunum
497 1549 600 1619 videtur,
611 1549 649 1596 his
660 1546 784 1612 presertim

113 1610 264 1673 temporibus,
279 1611 363 1660 habere
378 1613 519 1676 perfugium,
531 1613 635 1676 primum
652 1628 733 1660 eorum
747 1627 784 1659 ur·

113 1676 176 1735 bem,
192 1675 277 1738 quibus
288 1692 354 1724 carus
366 1679 411 1734 sis;
429 1678 511 1726 deinde
526 1687 591 1725 tuam
605 1677 713 1736 domum,
725 1684 785 1725 tuor-

114 1755 160 1802 que
171 1756 245 1802 agros,
257 1757 329 1804 eaque
340 1751 436 1802 remoto,
452 1743 546 1802 salubri,
563 1757 654 1790 amoeno
668 1742 734 1790 loco:
751 1739 785 1788 id·

113 1820 160 1867 que
171 1805 241 1853 etism
256 1807 309 1853 meir
323 1806 439 1865 interesse,
454 1807 488 1854 mi
498 1807 602 1865 Trebati,
614 1807 720 1854 arbitror.
741 1803 786 1854 Sed

113 1870 208 1928 valebis,
217 1886 314 1934 meaque
324 1872 415 1934 negotis
424 1872 526 1927 videbis3
538 1886 631 1934 meque,
640 1871 695 1918 Diis
703 1871 785 1932 jurm-

113 1933 184 1992 tibus,
196 1944 249 1982 ante
260 1937 368 1982 brumam
382 1937 530 1998 exspectabis.
546 1935 599 1997 Ego
610 1952 625 1983 a
635 1937 691 1984 Sex.
703 1935 783 1995 Fadio,

114 1998 210 2044 Niconis
225 1998 345 2061 discipulo,
361 2000 448 2047 librum
458 2001 551 2059 abstuli,
570 2008 665 2052 Ntrwrce
681 2018 731 2060 περι
743 2006 784 2045 llo·

113 2068 231 2122 λυφαγιας.
253 2063 276 2109 Ο
287 2063 403 2110 medicum
415 2065 525 2112 suavem!
544 2079 628 2126 meque
641 2063 740 2111 docilem
755 2063 784 2111 od

112 2123 173 2172 hanc
183 2125 341 2188 disciplinam!
364 2128 409 2175 Sed
422 2129 510 2176 Bassus
523 2138 598 2175 noster
609 2143 648 2174 me
663 2128 692 2174 de
703 2128 747 2175 hoc
758 2129 785 2175 li-

113 2189 155 2236 bro
170 2190 265 2237 celavit:
283 2199 306 2238 te
322 2192 416 2254 quidem
431 2208 478 2239 non
496 2193 592 2241 videtur.
609 2192 702 2243 Ventus
715 2192 786 2241 incre·

113 2253 201 2301 brescit.
219 2255 282 2302 Cura
292 2264 319 2303 ut
328 2257 411 2305 valeas.
428 2257 496 2305 Xlll
508 2258 558 2305 Col.
570 2259 634 2305 Sext.
647 2256 726 2305 Velid.

194 2447 262 2509 (21.)
287 2450 414 2500 CICERO
432 2451 614 2507 TREBATIO
631 2453 656 2500 S.
668 2450 701 2498 D.

115 2605 124 2615 -
144 2577 339 2638 (Argumentum.
347 2581 446 2639 —Silii‚
459 2580 527 2629 amici
537 2580 582 2638 sui,
595 2595 689 2630 causum
698 2583 786 2633 Trebe-

112 2641 144 2690 tio
155 2644 309 2704 commendat,
321 2655 348 2693 ut
359 2647 454 2694 adeum
465 2645 550 2704 veniat,
563 2654 586 2692 et
596 2644 711 2707 adjuvet.)

142 2771 195 2820 Silii
212 2788 306 2823 causam
323 2783 346 2822 te
360 2774 435 2822 docui.
460 2776 485 2822 Is
499 2783 578 2837 postea
594 2772 641 2825 fuit
657 2777 722 2840 opud
737 2793 782 2827 me.

107 2836 170 2913 qum
191 2838 217 2916 ei
230 2839 338 2900 dicerem,
355 2839 398 2888 tibi
410 2838 487 2932 videri
497 2852 644 2948 sonsiorpem
659 2840 726 2911 illm
738 2858 783 2918 ‚¹²9³
802 2842 804 2847 '

103 2923 144 2940 ’Ν
189 2928 193 2933 ’
262 2928 360 2948 1¹22·
386 2926 440 2948 mn·
555 2923 595 2948 lii
630 2924 658 2948 Α
702 2927 779 2948 xerxe
