1650 2948
191 152 242 201 ΔΙ)
258 151 435 202 DIVERSOS.
453 153 513 200 Lm.
527 153 587 200 Vll.
607 155 644 201 18.
707 156 752 203 loo

81 279 157 331 ciebar
172 282 208 329 vel
218 283 335 345 voluptate
347 299 374 329 ex
386 282 547 329 consuetudine
559 283 644 340 nostri,
657 286 693 330 vel
706 285 751 330 uti·

81 347 146 395 litate
160 363 188 395 ex
203 348 296 394 consilio
310 356 379 409 atque
394 348 463 408 operi
478 348 525 392 tui.
550 347 604 401 Sed,
621 363 674 393 cum
690 358 712 395 te
723 366 752 395 ex

81 412 233 460 adolescentia
244 410 284 459 tui
294 412 319 458 in
333 411 458 458 amicitiam
469 422 492 458 et
502 411 571 458 fidem
583 426 660 458 meam
672 421 752 460 contu·

79 472 250 539 lisses‚semper
261 484 283 524 te
293 489 340 522 non
351 474 420 522 modo
430 475 543 523 tuendum
554 475 621 533 mihi,
631 475 672 522 sed
681 476 751 524 etiam

79 539 214 602 augendum
225 548 295 603 atque
307 539 445 598 ornandum,
460 539 548 613 putavi.
570 539 663 603 Itaque,
675 539 752 602 quoad
776 573 778 578 ·

79 603 189 669 opinatus
199 619 261 663 sum,
276 619 315 650 me
329 603 354 650 in
367 603 507 666 provinuam
520 602 646 662 exiturum,
658 619 712 667 quae
722 603 752 652 sd

79 676 105 716 te
115 669 176 716 ultro
186 667 311 727 sonuerim,
326 667 491 715 meminissete
501 667 574 716 eredo.
597 668 752 732 Posteaquam

79 747 134 780 meu
147 740 237 780 mutata
253 731 311 779 ratio
329 739 370 790 est,
385 746 439 778 cum
457 729 557 779 viderem
574 747 613 779 me
629 747 644 779 a
662 732 752 780 Caesare

79 795 307 844 honorificentissime
324 795 416 843 tractari
431 805 455 843 et
466 795 534 842 unice
548 795 588 842 dili
606 795 621 854 ¹,
638 796 751 844 hominis-

78 875 127 923 que
138 860 300 909 liberalitatem
314 859 472 908 incredibilem
486 867 509 907 et
524 858 558 906 siu
601 874 663 908 arem
680 860 750 908 iidem

78 927 184 981 nossme
201 924 234 972 sic
246 923 267 972 ei
278 933 300 972 te
311 924 470 972 commendavi
485 932 508 971 et
570 923 610 983 di,
625 932 652 971 ut
664 925 751 988 gravis-

77 988 137 1037 sime
147 988 367 1052 diligentissimeque
382 987 455 1051 potui.
474 987 547 1047 Quod
555 987 595 1035 ille
604 987 637 1036 ita
647 989 749 1064 accepitr

77 1059 103 1101 et
117 1051 176 1100 mihi
191 1068 251 1116 sepe
264 1052 336 1100 literis
351 1052 496 1115 significavit,
512 1060 536 1100 et
550 1051 593 1100 tibi
608 1061 631 1100 et
641 1055 716 1101 verbis
727 1062 750 1101 et

76 1132 103 1166 re
113 1117 220 1179 ostendit,
231 1117 285 1165 mei
291 1116 486 1165 commendatione
494 1131 545 1165 sese
550 1116 617 1164 valde
628 1132 675 1165 esse
686 1132 749 1166 oom-

74 1191 175 1230 motum.

109 1246 182 1294 Hunc
193 1255 219 1294 tu
230 1246 306 1294 virum
317 1254 406 1305 nactus,
418 1245 439 1293 si
448 1260 487 1293 me
501 1254 543 1293 aut
557 1261 636 1310 sapere
650 1245 747 1310 aliquid,

75 1319 118 1366 aut
128 1311 186 1358 velle
197 1311 238 1358 tub
249 1308 316 1358 causi
325 1319 402 1374 putas,
414 1324 443 1357 ne
454 1309 583 1357 dimiserisr
601 1318 631 1365 et.
641 1309 660 1357 si
671 1319 749 1373 quate

73 1375 135 1423 forte
144 1391 180 1423 res
190 1375 222 1423 ali
239 1373 315 1422 uando
326 1373 453 1434 offenderit,
469 1388 523 1421 cum
534 1373 582 1431 ille,
594 1382 636 1421 aut
650 1389 748 1438 occupa·

75 1438 138 1488 tione
149 1448 190 1487 aut
200 1439 223 1486 d'
249 1437 342 1496 cultate,
354 1437 439 1486 tardior
452 1437 549 1485 tibi-erit
557 1438 628 1497 visus,
656 1438 747 1497 erferto,
767 1487 770 1492 ,

76 1512 101 1552 et
110 1503 194 1554 ultime
205 1511 349 1567 exspectat03
359 1518 412 1568 qua
423 1517 465 1565 ego
474 1500 517 1549 tibi
527 1509 551 1549 et
558 1502 631 1563 jucun
673 1510 696 1549 et
705 1502 748 1549 bo-

75 1577 141 1627 nesta
150 1569 270 1632 prestabo.

109 1629 220 1681 Pluribus
236 1640 259 1680 te
275 1631 361 1680 hortari
376 1646 423 1679 non
438 1629 517 1678 debeo.
540 1627 645 1676 Tantum
656 1643 747 1691 moneo,

76 1710 153 1760 neque
167 1695 273 1744 arnicitioe
290 1695 452 1745 confirmanda
467 1693 587 1742 clarissimi
598 1708 625 1741 sc
637 1692 748 1741 liberalis-

77 1761 131 1809 simi
144 1760 198 1820 riri,
214 1775 289 1824 neque
306 1760 416 1809 uberioris
432 1758 564 1870 Emvincian
582 1772 658 1821 neque
674 1759 747 1807 aetade

76 1824 152 1888 magis
161 1825 271 1872 idoneum
282 1833 382 1889 tempus,
399 1824 419 1872 si
450 1838 476 1871 oc
489 1821 600 1880 amiseris,
616 1831 638 1871 te
649 1837 698 1870 esse
708 1823 746 1870 ul·

76 1889 128 1938 lum
138 1904 244 1953 unquam
255 1898 406 1964 reperturum.
425 1887 478 1935 Hoc
486 1886 694 1963 (quemadmodum
705 1903 746 1935 vos

76 1955 173 2003 seribere
190 1952 266 2002 soletis
282 1969 307 2001 m
322 1953 400 2001 vestris
416 1951 493 2012 libris)
508 1952 570 1999 rdem
589 1950 620 2011 Q.
639 1952 746 2001 Cornelio

75 2019 204 2067 videbatur.
229 2019 259 2066 In
278 2017 425 2066 Britanniam
442 2025 465 2063 te
484 2015 613 2080 profectum
626 2031 678 2076 xnon
698 2032 746 2065 esse

105 2082 174 2142 udeo,
186 2081 252 2146 quod
262 2091 285 2130 et
299 2083 376 2130 labore
391 2079 492 2140 caruisti,
507 2091 530 2128 et
544 2095 586 2143 ego
599 2088 622 2128 te
636 2081 665 2129 de
677 2083 745 2129 rebus

74 2098 121 2195 iio
131 2162 178 2194 non
191 2146 291 2195 sudium.
313 2145 363 2194 Ubi
375 2145 405 2193 sis
419 2145 590 2205 hibernaturus,
604 2153 627 2193 et
643 2145 746 2210 quispe

72 2219 115 2260 aut
125 2211 262 2271 conditione,
273 2210 398 2276 perscribas
408 2207 439 2258 sd
448 2225 487 2257 me
497 2208 576 2258 velim
591 2209 659 2259 Vale.

158 2340 229 2406 (18.)
245 2338 373 2390 CICERO
390 2337 573 2388 TREBATIO
589 2338 614 2386 S.
626 2335 660 2384 D.

106 2469 342 2530 (Aegremmtun-
349 2465 442 2514 Laudat
462 2464 613 2515 mastaut'iam
630 2457 743 2534 Trebatii,

73 2534 115 2598 qui
122 2547 257 2598 perimere
266 2532 291 2580 in
301 2530 418 2595 provincia
428 2530 491 2606 apud
497 2530 610 2602 Caesarsm
621 2531 744 2600 consutus-

73 2597 267 2726 mm?
277 2596 327 2658 eius
340 2595 515 2659 perdmomm,
526 2607 581 2656 quia
591 2595 711 2652 scripserat
719 2601 744 2634 m
