1650 2948
159 200 210 248 AD
228 201 406 250 DIVERSOS.
425 203 485 249 Iun.
497 202 558 249 VII.
578 206 617 250 ⁴28.
677 203 725 250 20ss

151 331 220 394 (28.)
241 331 278 377 M.
293 331 420 379 CICERO
438 336 461 379 S.
472 333 503 378 D.
522 333 637 379 CURIO.

58 467 60 471 ’
89 459 420 520 (Argumentum-Probat
438 459 505 509 Curii
521 460 652 520 consilium,
672 477 728 524 quo,

56 522 176 587 desperati
185 524 312 588 republica,
326 524 351 571 in
363 525 507 573 Grledumsc
520 526 653 573 contulemt
676 524 730 572 Ad·

56 585 205 660 dit,·propter
216 589 321 636 eamdem
336 605 438 646 musam,
453 599 476 637 et
490 605 513 636 se
524 589 548 636 in
566 590 728 638 bibliothecam

58 651 127 698 abdi:
145 653 236 700 nullam
249 653 311 701 enim
323 669 389 716 spem
403 653 516 716 reliquam
529 669 585 715 esse,
603 655 729 718 aliquando

57 715 141 764 melius
150 715 219 777 fore)

90 844 201 903 Memini,
216 860 270 893 curn
283 845 342 893 mihi
360 846 461 910 desipere
472 846 586 907 videbare,
600 846 664 910 quod
674 850 727 894 curn

59 908 106 956 istis
116 910 194 972 potius
205 909 299 968 viveres,
308 926 379 975 quam
386 911 520 958 nobiscum:
531 911 648 959 eratenim
655 912 730 958 multo

58 971 201 1021 domicilium
211 973 282 1034 hujus
292 976 356 1022 urbis
367 979 431 1029 (cum
445 975 539 1039 quidem
550 976 600 1024 haec
610 977 677 1034 urbs)
688 992 729 1039 ap-

59 1036 104 1084 tius
121 1037 261 1085 humanitati
280 1047 303 1086 ct
319 1039 426 1087 suaritoti
442 1049 498 1099 tuoe,
511 1056 583 1103 quam
600 1048 648 1088 tota
661 1040 730 1087 Pelo-

60 1101 184 1164 ponnesus,
202 1102 289 1149 nedum
305 1104 389 1151 Patrae.
411 1105 490 1162 Nunc,
506 1115 593 1164 contra,
611 1113 634 1153 et
648 1104 731 1153 vidisse

60 1166 118 1214 mihi
129 1167 232 1213 multum
244 1167 336 1227 videris,
351 1185 413 1228 cum,
427 1185 498 1233 prope
511 1170 634 1234 desperatis
647 1170 684 1218 his
695 1185 731 1217 re·

60 1229 111 1289 bus,
130 1239 153 1279 te
170 1231 195 1277 in
210 1231 324 1279 Graeoiam
339 1233 462 1294 contulisti,
479 1235 559 1282 ethos
571 1243 674 1298 tempore
685 1248 732 1280 non

60 1296 136 1342 solum
154 1295 252 1358 sapiens,
271 1296 313 1361 qui
330 1296 384 1345 hinc
398 1298 466 1357 absis,
486 1298 526 1346 sed
544 1299 614 1346 etiam
632 1300 728 1346 beatuss

62 1370 214 1423 quamquam,
227 1359 287 1423 quis,
303 1361 344 1425 qui
358 1361 452 1425 aliquid
460 1363 542 1425 sapiat,
557 1378 619 1410 nunc
632 1378 680 1410 esse
693 1363 733 1409 bc·

61 1432 112 1472 atas
123 1425 217 1488 potest?
235 1424 289 1484 Sed,
306 1425 370 1489 quod
384 1434 419 1485 tu,
434 1425 472 1474 cui
485 1426 576 1486 licebat,
592 1426 690 1489 pedibus
707 1440 732 1472 es

62 1496 205 1547 consecutus,
220 1492 257 1541 (ut
267 1489 301 1537 ibi
311 1505 378 1548 esses,
392 1493 410 1519 “
421 1489 470 1537 Ubi
480 1504 522 1536 nec
532 1489 730 1553 Pelopidhm''....

62 1553 123 1600 nosti
140 1551 233 1615 caetera)
252 1568 294 1600 nos
313 1554 376 1601 idem
388 1552 556 1619 propemodum
572 1551 733 1616 consequimur

61 1617 211 1664 antrannis
230 1617 291 1665 Cum
300 1619 362 1665 enim
370 1619 502 1666 salutationi
511 1633 553 1666 nos
562 1617 668 1664 dedimus
676 1616 735 1662 ami·

61 1696 151 1739 corum,
161 1684 224 1744 (quae
235 1682 261 1729 fit
269 1682 313 1730 hoc
320 1683 390 1730 etiarn
398 1682 548 1746 frequentius,
559 1697 631 1746 quam
638 1679 733 1740 solebat,

62 1745 134 1815 quod,
145 1745 212 1809 quasi
225 1760 292 1794 avem
305 1746 390 1807 albam,
403 1747 511 1795 videntur
524 1748 583 1795 bene
599 1745 756 1794 sentientenr'*
769 1781 772 1786 .

63 1811 136 1858 civem
148 1808 236 1870 videre)
246 1811 306 1858 abdo
316 1826 354 1858 me
365 1812 389 1858 in
399 1812 568 1859 bibliothecam·
586 1812 671 1875 Itaque
680 1825 735 1873 ope-
746 1844 748 1848 -

63 1890 90 1922 ra
100 1874 174 1923 efficio
185 1883 257 1934 tanta,
271 1885 358 1938 quanta
370 1875 465 1924 fortasse
475 1884 502 1922 tu
513 1876 603 1924 senties
624 1874 734 1923 Intellexi

62 1941 125 1988 enim
133 1955 163 1986 ex
173 1948 214 1986 tuo
222 1954 326 1986 sermone
337 1939 446 2002 quodam,
456 1956 509 1987 curn
516 1947 592 1988 meam
602 1940 734 1988 moestitiam

62 2011 86 2051 et
96 2003 277 2066 desperationem
288 2019 404 2051 accusares
416 2004 480 2051 domi
493 2014 547 2064 tue,
559 2013 582 2053 te
597 2021 627 2053 ex
636 2005 695 2052 meis
704 2004 734 2051 li·

62 2068 110 2115 bris
116 2067 223 2116 animum
234 2083 313 2115 meum
324 2068 458 2116 desiderare.
666 2117 669 2120 ,

97 2131 144 2181 Sed
161 2132 310 2191 (mehercule)
329 2141 352 2180 et
365 2140 417 2180 tum
434 2131 600 2196 rempublicam
616 2132 734 2197 lugebam,

63 2213 118 2260 quae
129 2211 176 2243 non
187 2197 262 2244 solum
273 2197 320 2244 suis
331 2212 384 2259 erga
394 2212 441 2256 me,
449 2197 565 2245 sedetiam
572 2198 630 2245 meis
641 2214 695 2261 erga
702 2214 734 2259 sc,

65 2261 182 2310 beneficiis
197 2269 245 2308 erat
257 2261 316 2307 mihi
330 2262 416 2309 cariore
434 2270 457 2309 et
471 2262 514 2310 hoc
529 2270 638 2326 tempore,
652 2277 735 2326 quam-

65 2340 137 2389 quam
148 2339 244 2372 menon
255 2325 312 2372 ratio
320 2326 395 2372 solum
403 2327 539 2386 consolatur,
548 2343 600 2391 quae
608 2327 736 2390 plurimum

64 2391 132 2437 debet
139 2390 222 2449 valere,
234 2389 353 2438 sedetiam
364 2390 420 2449 dies,
433 2408 485 2454 quae
496 2392 571 2441 stultis
583 2407 676 2456 quoque
686 2405 736 2436 me-

65 2454 114 2501 deri
130 2455 202 2511 solet3
225 2461 302 2501 tamen
319 2453 392 2514 doleo,
409 2455 442 2503 ita
457 2472 506 2503 rem
523 2469 670 2504 communem
687 2469 734 2501 esse

65 2518 188 2581 dilapsam,
200 2526 227 2565 ut
237 2533 267 2565 ne
277 2534 328 2583 spes
336 2519 438 2582 quidem,
450 2520 533 2568 melius
544 2518 667 2582 aliquando
677 2515 735 2576 fore,

67 2582 218 2646 relinquatur.
558 2609 561 2614 »
576 2608 578 2613 .

66 2663 69 2667 ·
93 2647 150 2695 Neo
160 2662 214 2695 varo
227 2662 290 2697 nunc
300 2648 394 2714 quidem
407 2648 477 2715 culpa
486 2649 520 2698 ”m
534 2663 563 2764 cp
570 2654 625 2761 ¹pst,
634 2644 746 2706 insutus
