<?xml version="1.0" encoding="UTF-8"?>
<!DOCTYPE html PUBLIC "-//W3C//DTD XHTML 1.0 Transitional//EN"
    "http://www.w3.org/TR/xhtml1/DTD/xhtml1-transitional.dtd">
<html xmlns="http://www.w3.org/1999/xhtml" xml:lang="en" lang="en">
 <head>
  <title>
</title>
<meta http-equiv="Content-Type" content="text/html;charset=utf-8" />
  <meta name='ocr-system' content='tesseract 3.04.00' />
  <meta name='ocr-capabilities' content='ocr_page ocr_carea ocr_par ocr_line ocrx_word'/>
</head>
<body>
  <div class='ocr_page' id='page_1' title='image "./operaexeditioni00cicegoog_0128.png"; bbox 0 0 1650 2948; ppageno 0'>
   <div class='ocr_carea' id='block_1_1' title="bbox 174 154 734 206">
    <p class='ocr_par' dir='ltr' id='par_1_1' title="bbox 174 154 734 206">
     <span class='ocr_line' id='line_1_1' title="bbox 174 154 734 206; baseline -0.002 -1"><span class='ocrx_word' id='word_1_1' title='bbox 174 155 229 205; x_wconf 76' lang='lat' dir='ltr'><strong>An</strong></span> <span class='ocrx_word' id='word_1_2' title='bbox 246 155 424 206; x_wconf 73' lang='lat' dir='ltr'><strong>mvnusos.</strong></span> <span class='ocrx_word' id='word_1_3' title='bbox 442 154 502 203; x_wconf 81' lang='lat' dir='ltr'><strong>lnn</strong></span> <span class='ocrx_word' id='word_1_4' title='bbox 517 154 562 202; x_wconf 93' lang='lat' dir='ltr'><strong>lV.</strong></span> <span class='ocrx_word' id='word_1_5' title='bbox 582 158 618 203; x_wconf 78' lang='lat' dir='ltr'><strong>ll.</strong></span> <span class='ocrx_word' id='word_1_6' title='bbox 689 157 734 204; x_wconf 78' lang='lat' dir='ltr'><strong>lou</strong></span> 
     </span>
    </p>
   </div>
   <div class='ocr_carea' id='block_1_2' title="bbox 53 286 733 463">
    <p class='ocr_par' dir='ltr' id='par_1_2' title="bbox 53 286 733 463">
     <span class='ocr_line' id='line_1_2' title="bbox 59 286 733 348; baseline -0.003 -15"><span class='ocrx_word' id='word_1_7' title='bbox 59 286 189 333; x_wconf 82' lang='lat' dir='ltr'><strong>diosissime</strong></span> <span class='ocrx_word' id='word_1_8' title='bbox 199 286 277 334; x_wconf 88' lang='lat' dir='ltr'><strong>omnia</strong></span> <span class='ocrx_word' id='word_1_9' title='bbox 288 286 503 348; x_wconf 77' lang='lat' dir='ltr'><strong>diligentissimeque</strong></span> <span class='ocrx_word' id='word_1_10' title='bbox 512 286 611 339; x_wconf 71' lang='lat' dir='ltr'><strong>crarnbo:</strong></span> <span class='ocrx_word' id='word_1_11' title='bbox 630 294 733 331; x_wconf 85' lang='lat' dir='ltr'><strong>tuorum-</strong></span> 
     </span>
     <span class='ocr_line' id='line_1_3' title="bbox 60 351 733 413; baseline -0.004 -15"><span class='ocrx_word' id='word_1_12' title='bbox 60 366 107 413; x_wconf 85' lang='lat' dir='ltr'><strong>que</strong></span> <span class='ocrx_word' id='word_1_13' title='bbox 118 351 249 398; x_wconf 78' lang='lat' dir='ltr'><strong>triutissimo</strong></span> <span class='ocrx_word' id='word_1_14' title='bbox 259 366 312 398; x_wconf 87' lang='lat' dir='ltr'><strong>meo</strong></span> <span class='ocrx_word' id='word_1_15' title='bbox 320 361 421 412; x_wconf 88' lang='lat' dir='ltr'><strong>tempore</strong></span> <span class='ocrx_word' id='word_1_16' title='bbox 428 352 560 397; x_wconf 88' lang='lat' dir='ltr'><strong>meritorum</strong></span> <span class='ocrx_word' id='word_1_17' title='bbox 572 365 625 411; x_wconf 85' lang='lat' dir='ltr'><strong>erga</strong></span> <span class='ocrx_word' id='word_1_18' title='bbox 636 364 674 396; x_wconf 84' lang='lat' dir='ltr'><strong>nie</strong></span> <span class='ocrx_word' id='word_1_19' title='bbox 685 365 733 395; x_wconf 85' lang='lat' dir='ltr'><strong>ure·</strong></span> 
     </span>
     <span class='ocr_line' id='line_1_4' title="bbox 53 415 402 463; baseline -0.006 0"><span class='ocrx_word' id='word_1_20' title='bbox 53 415 162 463; x_wconf 66' lang='lat' dir='ltr'><strong>vmoriam</strong></span> <span class='ocrx_word' id='word_1_21' title='bbox 173 417 317 463; x_wconf 72' lang='lat' dir='ltr'><strong>conservabo.</strong></span> <span class='ocrx_word' id='word_1_22' title='bbox 335 415 402 462; x_wconf 81' lang='lat' dir='ltr'><strong>Vale.</strong></span> 
     </span>
    </p>
   </div>
   <div class='ocr_carea' id='block_1_3' title="bbox 54 588 668 666">
    <p class='ocr_par' dir='ltr' id='par_1_3' title="bbox 54 588 668 666">
     <span class='ocr_line' id='line_1_5' title="bbox 54 588 668 666; baseline -0.002 -11"><span class='ocrx_word' id='word_1_23' title='bbox 54 588 56 593; x_wconf 85' lang='lat'>&#39;</span> <span class='ocrx_word' id='word_1_24' title='bbox 135 605 207 666; x_wconf 81' lang='lat'>(14.)</span> <span class='ocrx_word' id='word_1_25' title='bbox 224 606 338 656; x_wconf 76' lang='lat' dir='ltr'><strong>nunc.</strong></span> <span class='ocrx_word' id='word_1_26' title='bbox 355 607 419 655; x_wconf 79' lang='lat' dir='ltr'><strong>sn.</strong></span> <span class='ocrx_word' id='word_1_27' title='bbox 434 607 488 655; x_wconf 85' lang='lat' dir='ltr'><strong>cn.</strong></span> <span class='ocrx_word' id='word_1_28' title='bbox 504 605 668 657; x_wconf 81' lang='lat' dir='ltr'><strong>ennucro.</strong></span> 
     </span>
    </p>
   </div>
   <div class='ocr_carea' id='block_1_4' title="bbox 54 733 732 1312">
    <p class='ocr_par' dir='ltr' id='par_1_4' title="bbox 54 733 732 1312">
     <span class='ocr_line' id='line_1_6' title="bbox 93 733 732 798; baseline 0.002 -15"><span class='ocrx_word' id='word_1_29' title='bbox 93 736 290 798; x_wconf 74' lang='lat' dir='ltr'><em>(Argumentum</em></span> <span class='ocrx_word' id='word_1_30' title='bbox 302 735 454 783; x_wconf 86' lang='lat' dir='ltr'><strong>-Plancius</strong></span> <span class='ocrx_word' id='word_1_31' title='bbox 472 734 508 783; x_wconf 85' lang='lat' dir='ltr'><strong>bis</strong></span> <span class='ocrx_word' id='word_1_32' title='bbox 530 734 642 794; x_wconf 81' lang='lat' dir='ltr'><strong>Ciceroni,</strong></span> <span class='ocrx_word' id='word_1_33' title='bbox 662 745 684 784; x_wconf 90' lang='lat' dir='ltr'><strong>et</strong></span> <span class='ocrx_word' id='word_1_34' title='bbox 702 733 732 783; x_wconf 85' lang='lat' dir='ltr'><strong>dc</strong></span> 
     </span>
     <span class='ocr_line' id='line_1_7' title="bbox 58 798 731 876; baseline -0.001 -28"><span class='ocrx_word' id='word_1_35' title='bbox 58 800 195 876; x_wconf 71' lang='lat' dir='ltr'><strong>temperatis</strong></span> <span class='ocrx_word' id='word_1_36' title='bbox 203 815 244 863; x_wconf 91' lang='lat' dir='ltr'><strong>per</strong></span> <span class='ocrx_word' id='word_1_37' title='bbox 255 801 369 848; x_wconf 83' lang='lat' dir='ltr'><strong>Caesarem</strong></span> <span class='ocrx_word' id='word_1_38' title='bbox 377 800 497 862; x_wconf 76' lang='lat' dir='ltr'><strong>dignitate,</strong></span> <span class='ocrx_word' id='word_1_39' title='bbox 511 807 534 845; x_wconf 87' lang='lat' dir='ltr'><strong>ct</strong></span> <span class='ocrx_word' id='word_1_40' title='bbox 541 798 570 845; x_wconf 88' lang='lat' dir='ltr'><strong>de</strong></span> <span class='ocrx_word' id='word_1_41' title='bbox 581 800 667 862; x_wconf 85' lang='lat' dir='ltr'><strong>nuptiis</strong></span> <span class='ocrx_word' id='word_1_42' title='bbox 677 814 731 847; x_wconf 85' lang='lat' dir='ltr'><strong>cum</strong></span> 
     </span>
     <span class='ocr_line' id='line_1_8' title="bbox 58 862 732 928; baseline -0.006 -15"><span class='ocrx_word' id='word_1_43' title='bbox 58 866 151 928; x_wconf 62' lang='lat' dir='ltr'><strong>vigne</strong></span> <span class='ocrx_word' id='word_1_44' title='bbox 172 864 279 918; x_wconf 71' lang='lat' dir='ltr'><strong>(amosa</strong></span> <span class='ocrx_word' id='word_1_45' title='bbox 299 864 419 921; x_wconf 69' lang='lat' dir='ltr'><strong>Terentii)</strong></span> <span class='ocrx_word' id='word_1_46' title='bbox 438 863 510 919; x_wconf 85' lang='lat' dir='ltr'><strong>initis,</strong></span> <span class='ocrx_word' id='word_1_47' title='bbox 532 862 660 924; x_wconf 82' lang='lat' dir='ltr'><strong>grandatus</strong></span> <span class='ocrx_word' id='word_1_48' title='bbox 681 862 732 910; x_wconf 81' lang='lat' dir='ltr'><strong>iue-</strong></span> 
     </span>
     <span class='ocr_line' id='line_1_9' title="bbox 54 925 730 992; baseline -0.004 -15"><span class='ocrx_word' id='word_1_49' title='bbox 54 938 103 977; x_wconf 75' lang='lat' dir='ltr'><strong>rat·</strong></span> <span class='ocrx_word' id='word_1_50' title='bbox 121 928 233 992; x_wconf 84' lang='lat' dir='ltr'><strong>Utrisque</strong></span> <span class='ocrx_word' id='word_1_51' title='bbox 246 928 318 976; x_wconf 80' lang='lat' dir='ltr'><strong>literis</strong></span> <span class='ocrx_word' id='word_1_52' title='bbox 330 927 379 975; x_wconf 76' lang='lat' dir='ltr'><strong>uult</strong></span> <span class='ocrx_word' id='word_1_53' title='bbox 391 927 488 991; x_wconf 75' lang='lat' dir='ltr'><strong>epistolis</strong></span> <span class='ocrx_word' id='word_1_54' title='bbox 500 925 621 988; x_wconf 77' lang='lat' dir='ltr'><strong>respondet</strong></span> <span class='ocrx_word' id='word_1_55' title='bbox 635 926 730 974; x_wconf 82' lang='lat' dir='ltr'><strong>Cicero:</strong></span> 
     </span>
     <span class='ocr_line' id='line_1_10' title="bbox 54 991 731 1057; baseline -0.001 -17"><span class='ocrx_word' id='word_1_56' title='bbox 54 993 184 1057; x_wconf 86' lang='lat' dir='ltr'><strong>prioribus,</strong></span> <span class='ocrx_word' id='word_1_57' title='bbox 194 1007 243 1040; x_wconf 91' lang='lat' dir='ltr'><strong>non</strong></span> <span class='ocrx_word' id='word_1_58' title='bbox 253 1007 301 1040; x_wconf 88' lang='lat' dir='ltr'><strong>esse</strong></span> <span class='ocrx_word' id='word_1_59' title='bbox 308 992 428 1056; x_wconf 87' lang='lat' dir='ltr'><strong>pristinam</strong></span> <span class='ocrx_word' id='word_1_60' title='bbox 435 991 580 1053; x_wconf 69' lang='lat' dir='ltr'><strong>dignitatem</strong></span> <span class='ocrx_word' id='word_1_61' title='bbox 589 1006 660 1053; x_wconf 89' lang='lat' dir='ltr'><strong>quam</strong></span> <span class='ocrx_word' id='word_1_62' title='bbox 671 1006 731 1039; x_wconf 87' lang='lat' dir='ltr'><strong>recc-</strong></span> 
     </span>
     <span class='ocr_line' id='line_1_11' title="bbox 57 1054 730 1120; baseline -0.004 -15"><span class='ocrx_word' id='word_1_63' title='bbox 57 1065 140 1120; x_wconf 80' lang='lat' dir='ltr'><strong>perat;</strong></span> <span class='ocrx_word' id='word_1_64' title='bbox 157 1057 243 1114; x_wconf 83' lang='lat' dir='ltr'><strong>alteria,</strong></span> <span class='ocrx_word' id='word_1_65' title='bbox 254 1073 307 1120; x_wconf 78' lang='lat' dir='ltr'><strong>que</strong></span> <span class='ocrx_word' id='word_1_66' title='bbox 317 1071 386 1103; x_wconf 81' lang='lat' dir='ltr'><strong>causa</strong></span> <span class='ocrx_word' id='word_1_67' title='bbox 395 1056 465 1103; x_wconf 82' lang='lat' dir='ltr'><strong>fuerit</strong></span> <span class='ocrx_word' id='word_1_68' title='bbox 472 1055 526 1103; x_wconf 84' lang='lat' dir='ltr'><strong>novi</strong></span> <span class='ocrx_word' id='word_1_69' title='bbox 533 1054 621 1102; x_wconf 89' lang='lat' dir='ltr'><strong>consilii</strong></span> <span class='ocrx_word' id='word_1_70' title='bbox 627 1054 730 1102; x_wconf 85' lang='lat' dir='ltr'><strong>ineundi.</strong></span> 
     </span>
     <span class='ocr_line' id='line_1_12' title="bbox 58 1118 729 1182; baseline -0.003 -13"><span class='ocrx_word' id='word_1_71' title='bbox 58 1121 169 1169; x_wconf 77' lang='lat' dir='ltr'><strong>&#39;Pandam</strong></span> <span class='ocrx_word' id='word_1_72' title='bbox 180 1122 266 1168; x_wconf 86' lang='lat' dir='ltr'><strong>solatur</strong></span> <span class='ocrx_word' id='word_1_73' title='bbox 278 1121 399 1168; x_wconf 76' lang='lat' dir='ltr'><strong>Plancium</strong></span> <span class='ocrx_word' id='word_1_74' title='bbox 410 1120 553 1166; x_wconf 81' lang='lat' dir='ltr'><strong>exsulantem</strong></span> <span class='ocrx_word' id='word_1_75' title='bbox 563 1135 571 1175; x_wconf 74' lang='grc' dir='ltr'><strong>ς</strong></span> <span class='ocrx_word' id='word_1_76' title='bbox 588 1118 729 1182; x_wconf 83' lang='lat' dir='ltr'><strong>eiquenihil,</strong></span> 
     </span>
     <span class='ocr_line' id='line_1_13' title="bbox 55 1184 730 1249; baseline 0 -16"><span class='ocrx_word' id='word_1_77' title='bbox 55 1195 142 1249; x_wconf 75' lang='lat' dir='ltr'><strong>preater</strong></span> <span class='ocrx_word' id='word_1_78' title='bbox 151 1199 299 1232; x_wconf 85' lang='lat' dir='ltr'><strong>communem</strong></span> <span class='ocrx_word' id='word_1_79' title='bbox 310 1184 472 1242; x_wconf 77' lang='lat' dir='ltr'><strong>calamitatem,</strong></span> <span class='ocrx_word' id='word_1_80' title='bbox 484 1184 612 1232; x_wconf 79' lang='lat' dir='ltr'><strong>uniendum</strong></span> <span class='ocrx_word' id='word_1_81' title='bbox 623 1198 730 1233; x_wconf 84' lang='lat' dir='ltr'><strong>essenon-</strong></span> 
     </span>
     <span class='ocr_line' id='line_1_14' title="bbox 57 1247 596 1312; baseline -0.006 -14"><span class='ocrx_word' id='word_1_82' title='bbox 57 1251 153 1306; x_wconf 77' lang='lat' dir='ltr'><strong>finnat3</strong></span> <span class='ocrx_word' id='word_1_83' title='bbox 171 1249 208 1296; x_wconf 92' lang='lat' dir='ltr'><strong>cui</strong></span> <span class='ocrx_word' id='word_1_84' title='bbox 219 1263 261 1296; x_wconf 89' lang='lat' dir='ltr'><strong>sua</strong></span> <span class='ocrx_word' id='word_1_85' title='bbox 271 1248 370 1311; x_wconf 87' lang='lat' dir='ltr'><strong>denique</strong></span> <span class='ocrx_word' id='word_1_86' title='bbox 377 1247 451 1295; x_wconf 90' lang='lat' dir='ltr'><strong>officia</strong></span> <span class='ocrx_word' id='word_1_87' title='bbox 457 1248 596 1312; x_wconf 80' lang='lat' dir='ltr'><strong>pollicetur.)</strong></span> 
     </span>
    </p>
   </div>
   <div class='ocr_carea' id='block_1_5' title="bbox 54 1375 748 2785">
    <p class='ocr_par' dir='ltr' id='par_1_5' title="bbox 54 1375 748 2785">
     <span class='ocr_line' id='line_1_15' title="bbox 56 1375 730 1440; baseline -0.006 -12"><span class='ocrx_word' id='word_1_88' title='bbox 56 1424 60 1429; x_wconf 95' lang='grc'><em>,</em></span> <span class='ocrx_word' id='word_1_89' title='bbox 90 1378 166 1427; x_wconf 83' lang='lat' dir='ltr'><strong>Binas</strong></span> <span class='ocrx_word' id='word_1_90' title='bbox 176 1393 190 1425; x_wconf 88' lang='lat' dir='ltr'><strong>a</strong></span> <span class='ocrx_word' id='word_1_91' title='bbox 200 1386 224 1425; x_wconf 88' lang='lat' dir='ltr'><strong>te</strong></span> <span class='ocrx_word' id='word_1_92' title='bbox 234 1375 311 1440; x_wconf 90' lang='lat' dir='ltr'><strong>accepi</strong></span> <span class='ocrx_word' id='word_1_93' title='bbox 320 1375 405 1435; x_wconf 78' lang='lat' dir='ltr'><strong>literas,</strong></span> <span class='ocrx_word' id='word_1_94' title='bbox 417 1376 522 1440; x_wconf 66' lang='lat' dir='ltr'><strong>Corcyrae</strong></span> <span class='ocrx_word' id='word_1_95' title='bbox 532 1375 612 1424; x_wconf 84' lang='lat' dir='ltr'><strong>datas=</strong></span> <span class='ocrx_word' id='word_1_96' title='bbox 630 1391 730 1440; x_wconf 86' lang='lat' dir='ltr'><strong>quarum</strong></span> 
     </span>
     <span class='ocr_line' id='line_1_16' title="bbox 54 1440 731 1503; baseline -0.007 -11"><span class='ocrx_word' id='word_1_97' title='bbox 54 1443 136 1493; x_wconf 76' lang='lat' dir='ltr'><strong>alteris</strong></span> <span class='ocrx_word' id='word_1_98' title='bbox 153 1441 214 1491; x_wconf 90' lang='lat' dir='ltr'><strong>mihi</strong></span> <span class='ocrx_word' id='word_1_99' title='bbox 228 1441 381 1503; x_wconf 73' lang='lat' dir='ltr'><strong>gratillabarc,</strong></span> <span class='ocrx_word' id='word_1_100' title='bbox 399 1440 461 1502; x_wconf 91' lang='lat' dir='ltr'><strong>quod</strong></span> <span class='ocrx_word' id='word_1_101' title='bbox 473 1441 584 1498; x_wconf 77' lang='lat' dir='ltr'><strong>audisses,</strong></span> <span class='ocrx_word' id='word_1_102' title='bbox 600 1455 638 1488; x_wconf 87' lang='lat' dir='ltr'><strong>me</strong></span> <span class='ocrx_word' id='word_1_103' title='bbox 653 1455 731 1488; x_wconf 85' lang='lat' dir='ltr'><strong>meam</strong></span> 
     </span>
     <span class='ocr_line' id='line_1_17' title="bbox 58 1504 730 1572; baseline -0.007 -16"><span class='ocrx_word' id='word_1_104' title='bbox 58 1507 181 1572; x_wconf 76' lang='lat' dir='ltr'><strong>pristinam</strong></span> <span class='ocrx_word' id='word_1_105' title='bbox 189 1505 326 1568; x_wconf 83' lang='lat' dir='ltr'><strong>dignitatem</strong></span> <span class='ocrx_word' id='word_1_106' title='bbox 332 1504 448 1560; x_wconf 71' lang='lat' dir='ltr'><strong>obtinerea</strong></span> <span class='ocrx_word' id='word_1_107' title='bbox 456 1505 531 1552; x_wconf 87' lang='lat' dir='ltr'><strong>alteris</strong></span> <span class='ocrx_word' id='word_1_108' title='bbox 538 1504 627 1551; x_wconf 84' lang='lat' dir='ltr'><strong>dicebas</strong></span> <span class='ocrx_word' id='word_1_109' title='bbox 634 1504 730 1563; x_wconf 73' lang='lat' dir='ltr'><strong>terelle,</strong></span> 
     </span>
     <span class='ocr_line' id='line_1_18' title="bbox 59 1567 730 1636; baseline -0.007 -16"><span class='ocrx_word' id='word_1_110' title='bbox 59 1588 114 1636; x_wconf 81' lang='lat' dir='ltr'><strong>quae</strong></span> <span class='ocrx_word' id='word_1_111' title='bbox 126 1571 232 1635; x_wconf 63' lang='lat' dir='ltr'><strong>egissem</strong></span> <span class='ocrx_word' id='word_1_112' title='bbox 244 1571 303 1617; x_wconf 88' lang='lat' dir='ltr'><strong>bene</strong></span> <span class='ocrx_word' id='word_1_113' title='bbox 320 1577 342 1616; x_wconf 87' lang='lat' dir='ltr'><strong>et</strong></span> <span class='ocrx_word' id='word_1_114' title='bbox 352 1568 447 1616; x_wconf 73' lang='lat' dir='ltr'><strong>feliciter</strong></span> <span class='ocrx_word' id='word_1_115' title='bbox 459 1568 555 1615; x_wconf 67' lang='lat' dir='ltr'><strong>evenne.</strong></span> <span class='ocrx_word' id='word_1_116' title='bbox 579 1567 633 1629; x_wconf 82' lang='lat' dir='ltr'><strong>Ego</strong></span> <span class='ocrx_word' id='word_1_117' title='bbox 643 1575 730 1625; x_wconf 85' lang='lat' dir='ltr'><strong>autem,</strong></span> 
     </span>
     <span class='ocr_line' id='line_1_19' title="bbox 58 1630 732 1699; baseline -0.018 -15"><span class='ocrx_word' id='word_1_118' title='bbox 58 1637 79 1685; x_wconf 89' lang='lat' dir='ltr'><strong>si</strong></span> <span class='ocrx_word' id='word_1_119' title='bbox 89 1635 190 1699; x_wconf 82' lang='lat' dir='ltr'><strong>dignitas</strong></span> <span class='ocrx_word' id='word_1_120' title='bbox 201 1642 234 1682; x_wconf 85' lang='lat' dir='ltr'><strong>est</strong></span> <span class='ocrx_word' id='word_1_121' title='bbox 245 1631 338 1681; x_wconf 86' lang='lat' dir='ltr'><strong>benede</strong></span> <span class='ocrx_word' id='word_1_122' title='bbox 348 1648 373 1680; x_wconf 90' lang='lat' dir='ltr'><strong>re</strong></span> <span class='ocrx_word' id='word_1_123' title='bbox 383 1632 476 1695; x_wconf 64' lang='lat' dir='ltr'><strong>publici</strong></span> <span class='ocrx_word' id='word_1_124' title='bbox 486 1632 578 1688; x_wconf 84' lang='lat' dir='ltr'><strong>sentire,</strong></span> <span class='ocrx_word' id='word_1_125' title='bbox 590 1640 613 1678; x_wconf 89' lang='lat' dir='ltr'><strong>et</strong></span> <span class='ocrx_word' id='word_1_126' title='bbox 623 1630 688 1677; x_wconf 91' lang='lat' dir='ltr'><strong>bonis</strong></span> <span class='ocrx_word' id='word_1_127' title='bbox 697 1630 732 1678; x_wconf 87' lang='lat' dir='ltr'><strong>vi.</strong></span> 
     </span>
     <span class='ocr_line' id='line_1_20' title="bbox 59 1695 730 1764; baseline -0.012 -15"><span class='ocrx_word' id='word_1_128' title='bbox 59 1702 91 1749; x_wconf 86' lang='lat' dir='ltr'><strong>ris</strong></span> <span class='ocrx_word' id='word_1_129' title='bbox 101 1701 199 1764; x_wconf 84' lang='lat' dir='ltr'><strong>probare</strong></span> <span class='ocrx_word' id='word_1_130' title='bbox 210 1697 273 1761; x_wconf 89' lang='lat' dir='ltr'><strong>quod</strong></span> <span class='ocrx_word' id='word_1_131' title='bbox 283 1697 383 1752; x_wconf 86' lang='lat' dir='ltr'><strong>sentias;</strong></span> <span class='ocrx_word' id='word_1_132' title='bbox 400 1697 491 1744; x_wconf 88' lang='lat' dir='ltr'><strong>obtineo</strong></span> <span class='ocrx_word' id='word_1_133' title='bbox 502 1695 637 1758; x_wconf 85' lang='lat' dir='ltr'><strong>dignitatem</strong></span> <span class='ocrx_word' id='word_1_134' title='bbox 644 1709 730 1742; x_wconf 82' lang='lat' dir='ltr'><strong>meam</strong></span> 
     </span>
     <span class='ocr_line' id='line_1_21' title="bbox 59 1759 731 1823; baseline -0.01 -9"><span class='ocrx_word' id='word_1_135' title='bbox 59 1767 103 1814; x_wconf 87' lang='lat' dir='ltr'><strong>Sin</strong></span> <span class='ocrx_word' id='word_1_136' title='bbox 117 1771 197 1812; x_wconf 86' lang='lat' dir='ltr'><strong>autem</strong></span> <span class='ocrx_word' id='word_1_137' title='bbox 207 1763 232 1809; x_wconf 92' lang='lat' dir='ltr'><strong>in</strong></span> <span class='ocrx_word' id='word_1_138' title='bbox 243 1777 270 1808; x_wconf 88' lang='lat' dir='ltr'><strong>eo</strong></span> <span class='ocrx_word' id='word_1_139' title='bbox 280 1761 379 1822; x_wconf 73' lang='lat' dir='ltr'><strong>dignitas</strong></span> <span class='ocrx_word' id='word_1_140' title='bbox 385 1769 427 1818; x_wconf 83' lang='lat' dir='ltr'><strong>est,</strong></span> <span class='ocrx_word' id='word_1_141' title='bbox 439 1760 467 1817; x_wconf 87' lang='lat' dir='ltr'><strong>si,</strong></span> <span class='ocrx_word' id='word_1_142' title='bbox 479 1760 541 1823; x_wconf 90' lang='lat' dir='ltr'><strong>quod</strong></span> <span class='ocrx_word' id='word_1_143' title='bbox 552 1759 643 1816; x_wconf 85' lang='lat' dir='ltr'><strong>sentias,</strong></span> <span class='ocrx_word' id='word_1_144' title='bbox 654 1768 696 1807; x_wconf 89' lang='lat' dir='ltr'><strong>aut</strong></span> <span class='ocrx_word' id='word_1_145' title='bbox 706 1774 731 1807; x_wconf 86' lang='lat' dir='ltr'><strong>re</strong></span> 
     </span>
     <span class='ocr_line' id='line_1_22' title="bbox 59 1823 729 1891; baseline -0.012 -12"><span class='ocrx_word' id='word_1_146' title='bbox 59 1830 148 1878; x_wconf 83' lang='lat' dir='ltr'><strong>efficere</strong></span> <span class='ocrx_word' id='word_1_147' title='bbox 155 1827 235 1891; x_wconf 84' lang='lat' dir='ltr'><strong>possis,</strong></span> <span class='ocrx_word' id='word_1_148' title='bbox 247 1834 288 1873; x_wconf 89' lang='lat' dir='ltr'><strong>aut</strong></span> <span class='ocrx_word' id='word_1_149' title='bbox 299 1824 397 1887; x_wconf 87' lang='lat' dir='ltr'><strong>denique</strong></span> <span class='ocrx_word' id='word_1_150' title='bbox 406 1824 478 1872; x_wconf 76' lang='lat' dir='ltr'><strong>liberi</strong></span> <span class='ocrx_word' id='word_1_151' title='bbox 488 1824 588 1872; x_wconf 85' lang='lat' dir='ltr'><strong>oratione</strong></span> <span class='ocrx_word' id='word_1_152' title='bbox 596 1823 729 1881; x_wconf 64' lang='lat' dir='ltr'><strong>defenderet</strong></span> 
     </span>
     <span class='ocr_line' id='line_1_23' title="bbox 58 1887 730 1955; baseline -0.018 -13"><span class='ocrx_word' id='word_1_153' title='bbox 58 1909 88 1942; x_wconf 89' lang='lat' dir='ltr'><strong>nc</strong></span> <span class='ocrx_word' id='word_1_154' title='bbox 97 1892 222 1955; x_wconf 42' lang='lat' dir='ltr'><strong>vestinum</strong></span> <span class='ocrx_word' id='word_1_155' title='bbox 229 1889 323 1954; x_wconf 86' lang='lat' dir='ltr'><strong>quidem</strong></span> <span class='ocrx_word' id='word_1_156' title='bbox 331 1889 408 1935; x_wconf 90' lang='lat' dir='ltr'><strong>ullum</strong></span> <span class='ocrx_word' id='word_1_157' title='bbox 418 1898 452 1935; x_wconf 88' lang='lat' dir='ltr'><strong>est</strong></span> <span class='ocrx_word' id='word_1_158' title='bbox 459 1889 573 1951; x_wconf 82' lang='lat' dir='ltr'><strong>reliquum</strong></span> <span class='ocrx_word' id='word_1_159' title='bbox 583 1887 648 1935; x_wconf 91' lang='lat' dir='ltr'><strong>nobis</strong></span> <span class='ocrx_word' id='word_1_160' title='bbox 655 1887 730 1951; x_wconf 91' lang='lat' dir='ltr'><strong>digni.</strong></span> 
     </span>
     <span class='ocr_line' id='line_1_24' title="bbox 58 1952 730 2019; baseline -0.009 -12"><span class='ocrx_word' id='word_1_161' title='bbox 58 1958 128 2013; x_wconf 65' lang='lat' dir='ltr'><strong>latina</strong></span> <span class='ocrx_word' id='word_1_162' title='bbox 153 1956 276 2019; x_wconf 86' lang='lat' dir='ltr'><strong>agiturque</strong></span> <span class='ocrx_word' id='word_1_163' title='bbox 292 1953 408 2016; x_wconf 86' lang='lat' dir='ltr'><strong>praeclare,</strong></span> <span class='ocrx_word' id='word_1_164' title='bbox 430 1953 450 1999; x_wconf 86' lang='lat' dir='ltr'><strong>si</strong></span> <span class='ocrx_word' id='word_1_165' title='bbox 470 1961 560 2000; x_wconf 85' lang='lat' dir='ltr'><strong>nosmet</strong></span> <span class='ocrx_word' id='word_1_166' title='bbox 575 1952 636 2014; x_wconf 86' lang='lat' dir='ltr'><strong>ipsos</strong></span> <span class='ocrx_word' id='word_1_167' title='bbox 652 1967 730 2015; x_wconf 83' lang='lat' dir='ltr'><strong>regere</strong></span> 
     </span>
     <span class='ocr_line' id='line_1_25' title="bbox 58 2017 730 2150; baseline -0.012 -13"><span class='ocrx_word' id='word_1_168' title='bbox 58 2017 628 2150; x_wconf 58' lang='lat' dir='ltr'><strong>ffl,”ldsttttffintttt”t</strong></span> <span class='ocrx_word' id='word_1_169' title='bbox 652 2027 730 2129; x_wconf 63' lang='lat' dir='ltr'><strong>itt</strong></span> 
     </span>
     <span class='ocr_line' id='line_1_26' title="bbox 60 2143 729 2213; baseline -0.01 -13"><span class='ocrx_word' id='word_1_170' title='bbox 60 2149 175 2213; x_wconf 80' lang='lat' dir='ltr'><strong>ejusmodi</strong></span> <span class='ocrx_word' id='word_1_171' title='bbox 189 2149 259 2204; x_wconf 87' lang='lat' dir='ltr'><strong>bello,</strong></span> <span class='ocrx_word' id='word_1_172' title='bbox 275 2148 341 2207; x_wconf 87' lang='lat' dir='ltr'><strong>cujus</strong></span> <span class='ocrx_word' id='word_1_173' title='bbox 356 2145 432 2192; x_wconf 82' lang='lat' dir='ltr'><strong>exitus</strong></span> <span class='ocrx_word' id='word_1_174' title='bbox 447 2161 476 2193; x_wconf 86' lang='lat' dir='ltr'><strong>ex</strong></span> <span class='ocrx_word' id='word_1_175' title='bbox 489 2143 560 2192; x_wconf 72' lang='lat' dir='ltr'><strong>alteris</strong></span> <span class='ocrx_word' id='word_1_176' title='bbox 569 2151 634 2208; x_wconf 85' lang='lat' dir='ltr'><strong>parte</strong></span> <span class='ocrx_word' id='word_1_177' title='bbox 644 2145 729 2193; x_wconf 58' lang='lat' dir='ltr'><strong>mem</strong></span> 
     </span>
     <span class='ocr_line' id='line_1_27' title="bbox 60 2210 441 2273; baseline -0.021 -8"><span class='ocrx_word' id='word_1_178' title='bbox 60 2223 167 2273; x_wconf 71' lang='lat' dir='ltr'><strong>ostenta,</strong></span> <span class='ocrx_word' id='word_1_179' title='bbox 179 2228 209 2261; x_wconf 84' lang='lat' dir='ltr'><strong>ex</strong></span> <span class='ocrx_word' id='word_1_180' title='bbox 219 2211 291 2260; x_wconf 68' lang='lat' dir='ltr'><strong>alteri</strong></span> <span class='ocrx_word' id='word_1_181' title='bbox 301 2210 441 2265; x_wconf 70' lang='lat' dir='ltr'><strong>servitium</strong></span> 
     </span>
     <span class='ocr_line' id='line_1_28' title="bbox 91 2274 729 2340; baseline -0.011 -13"><span class='ocrx_word' id='word_1_182' title='bbox 91 2280 148 2340; x_wconf 91' lang='lat' dir='ltr'><strong>Quo</strong></span> <span class='ocrx_word' id='word_1_183' title='bbox 154 2279 179 2325; x_wconf 90' lang='lat' dir='ltr'><strong>in</strong></span> <span class='ocrx_word' id='word_1_184' title='bbox 187 2275 288 2340; x_wconf 73' lang='lat' dir='ltr'><strong>periculo</strong></span> <span class='ocrx_word' id='word_1_185' title='bbox 295 2274 400 2321; x_wconf 89' lang='lat' dir='ltr'><strong>nonnihil</strong></span> <span class='ocrx_word' id='word_1_186' title='bbox 406 2291 444 2322; x_wconf 91' lang='lat' dir='ltr'><strong>me</strong></span> <span class='ocrx_word' id='word_1_187' title='bbox 450 2274 587 2333; x_wconf 85' lang='lat' dir='ltr'><strong>consolatur,</strong></span> <span class='ocrx_word' id='word_1_188' title='bbox 594 2288 648 2323; x_wconf 89' lang='lat' dir='ltr'><strong>cum</strong></span> <span class='ocrx_word' id='word_1_189' title='bbox 657 2289 729 2321; x_wconf 83' lang='lat' dir='ltr'><strong>recor-</strong></span> 
     </span>
     <span class='ocr_line' id='line_1_29' title="bbox 58 2338 730 2403; baseline -0.013 -10"><span class='ocrx_word' id='word_1_190' title='bbox 58 2344 108 2403; x_wconf 86' lang='lat' dir='ltr'><strong>dor,</strong></span> <span class='ocrx_word' id='word_1_191' title='bbox 117 2343 213 2391; x_wconf 65' lang='lat' dir='ltr'><strong>hams</strong></span> <span class='ocrx_word' id='word_1_192' title='bbox 223 2350 274 2388; x_wconf 82' lang='lat' dir='ltr'><strong>nrm</strong></span> <span class='ocrx_word' id='word_1_193' title='bbox 282 2338 372 2398; x_wconf 85' lang='lat' dir='ltr'><strong>vidisse,</strong></span> <span class='ocrx_word' id='word_1_194' title='bbox 380 2354 433 2387; x_wconf 92' lang='lat' dir='ltr'><strong>cum</strong></span> <span class='ocrx_word' id='word_1_195' title='bbox 442 2339 550 2394; x_wconf 84' lang='lat' dir='ltr'><strong>secundas</strong></span> <span class='ocrx_word' id='word_1_196' title='bbox 557 2339 626 2387; x_wconf 88' lang='lat' dir='ltr'><strong>ctiam</strong></span> <span class='ocrx_word' id='word_1_197' title='bbox 634 2355 669 2386; x_wconf 89' lang='lat' dir='ltr'><strong>res</strong></span> <span class='ocrx_word' id='word_1_198' title='bbox 677 2353 730 2385; x_wconf 87' lang='lat' dir='ltr'><strong>nos·</strong></span> 
     </span>
     <span class='ocr_line' id='line_1_30' title="bbox 59 2403 729 2467; baseline -0.013 -11"><span class='ocrx_word' id='word_1_199' title='bbox 59 2404 238 2467; x_wconf 62' lang='lat' dir='ltr'><strong>naamonmodo</strong></span> <span class='ocrx_word' id='word_1_200' title='bbox 244 2404 547 2466; x_wconf 76' lang='lat' dir='ltr'><strong>advenas‚pertimescebsm</strong></span> <span class='ocrx_word' id='word_1_201' title='bbox 555 2403 729 2464; x_wconf 81' lang='lat' dir='ltr'><strong>3videbamque,</strong></span> 
     </span>
     <span class='ocr_line' id='line_1_31' title="bbox 76 2463 729 2534; baseline -0.015 -14"><span class='ocrx_word' id='word_1_202' title='bbox 76 2481 147 2520; x_wconf 83' lang='lat' dir='ltr'><strong>nanto</strong></span> <span class='ocrx_word' id='word_1_203' title='bbox 157 2469 260 2534; x_wconf 86' lang='lat' dir='ltr'><strong>periculo</strong></span> <span class='ocrx_word' id='word_1_204' title='bbox 270 2467 299 2515; x_wconf 88' lang='lat' dir='ltr'><strong>de</strong></span> <span class='ocrx_word' id='word_1_205' title='bbox 309 2468 362 2528; x_wconf 90' lang='lat' dir='ltr'><strong>jure</strong></span> <span class='ocrx_word' id='word_1_206' title='bbox 376 2467 469 2531; x_wconf 91' lang='lat' dir='ltr'><strong>publico</strong></span> <span class='ocrx_word' id='word_1_207' title='bbox 479 2467 641 2531; x_wconf 85' lang='lat' dir='ltr'><strong>disceptaretur</strong></span> <span class='ocrx_word' id='word_1_208' title='bbox 651 2463 729 2512; x_wconf 86' lang='lat' dir='ltr'><strong>annis.</strong></span> 
     </span>
     <span class='ocr_line' id='line_1_32' title="bbox 59 2489 729 2599; baseline -0.015 -17"><span class='ocrx_word' id='word_1_209' title='bbox 59 2489 152 2597; x_wconf 48' lang='lat' dir='ltr'><strong>duilius</strong></span> <span class='ocrx_word' id='word_1_210' title='bbox 168 2531 342 2590; x_wconf 68' lang='lat' dir='ltr'><strong>sincensi,</strong></span> <span class='ocrx_word' id='word_1_211' title='bbox 362 2531 392 2579; x_wconf 88' lang='lat' dir='ltr'><strong>ad</strong></span> <span class='ocrx_word' id='word_1_212' title='bbox 405 2547 464 2595; x_wconf 86' lang='lat' dir='ltr'><strong>quos</strong></span> <span class='ocrx_word' id='word_1_213' title='bbox 478 2547 529 2594; x_wconf 88' lang='lat' dir='ltr'><strong>ego,</strong></span> <span class='ocrx_word' id='word_1_214' title='bbox 540 2531 602 2594; x_wconf 87' lang='lat' dir='ltr'><strong>pacis</strong></span> <span class='ocrx_word' id='word_1_215' title='bbox 617 2544 666 2591; x_wconf 84' lang='lat' dir='ltr'><strong>spe,</strong></span> <span class='ocrx_word' id='word_1_216' title='bbox 683 2540 729 2599; x_wconf 79' lang='lat' dir='ltr'><strong>non</strong></span> 
     </span>
     <span class='ocr_line' id='line_1_33' title="bbox 58 2590 735 2662; baseline -0.016 -14"><span class='ocrx_word' id='word_1_217' title='bbox 58 2601 113 2649; x_wconf 85' lang='lat' dir='ltr'><strong>belli</strong></span> <span class='ocrx_word' id='word_1_218' title='bbox 123 2597 251 2662; x_wconf 83' lang='lat' dir='ltr'><strong>cupiditate</strong></span> <span class='ocrx_word' id='word_1_219' title='bbox 260 2595 380 2653; x_wconf 60' lang='lat' dir='ltr'><strong>adducam</strong></span> <span class='ocrx_word' id='word_1_220' title='bbox 389 2610 541 2652; x_wconf 68' lang='lat' dir='ltr'><strong>secessuum</strong></span> <span class='ocrx_word' id='word_1_221' title='bbox 557 2602 638 2642; x_wconf 84' lang='lat' dir='ltr'><strong>tamen</strong></span> <span class='ocrx_word' id='word_1_222' title='bbox 645 2590 735 2639; x_wconf 72' lang='lat' dir='ltr'><strong>intelli·</strong></span> 
     </span>
     <span class='ocr_line' id='line_1_34' title="bbox 58 2656 748 2727; baseline -0.007 -17"><span class='ocrx_word' id='word_1_223' title='bbox 58 2667 149 2725; x_wconf 60' lang='grc' dir='ltr'><strong>μω),</strong></span> <span class='ocrx_word' id='word_1_224' title='bbox 159 2660 298 2709; x_wconf 65' lang='lat' dir='ltr'><strong>samm</strong></span> <span class='ocrx_word' id='word_1_225' title='bbox 308 2659 441 2721; x_wconf 77' lang='lat' dir='ltr'><strong>hominum,</strong></span> <span class='ocrx_word' id='word_1_226' title='bbox 451 2671 474 2710; x_wconf 84' lang='lat' dir='ltr'><strong>et</strong></span> <span class='ocrx_word' id='word_1_227' title='bbox 482 2660 637 2727; x_wconf 80' lang='lat' dir='ltr'><strong>cupidorum,</strong></span> <span class='ocrx_word' id='word_1_228' title='bbox 648 2656 748 2707; x_wconf 63' lang='lat' dir='ltr'><strong>etinte-</strong></span> 
     </span>
     <span class='ocr_line' id='line_1_35' title="bbox 82 2726 577 2785; baseline -0.008 -15"><span class='ocrx_word' id='word_1_229' title='bbox 82 2726 184 2785; x_wconf 65' lang='lat' dir='ltr'><strong>‹aput›</strong></span> <span class='ocrx_word' id='word_1_230' title='bbox 201 2734 261 2770; x_wconf 78' lang='lat' dir='ltr'><strong>voc.</strong></span> <span class='ocrx_word' id='word_1_231' title='bbox 275 2736 294 2770; x_wconf 83' lang='lat'><strong>1.</strong></span> <span class='ocrx_word' id='word_1_232' title='bbox 558 2740 577 2775; x_wconf 63' lang='lat' dir='ltr'>L</span> 
     </span>
    </p>
   </div>
   <div class='ocr_carea' id='block_1_6' title="bbox 0 0 830 2948">
    <p class='ocr_par' dir='ltr' id='par_1_6' title="bbox 0 0 830 2948">
     <span class='ocr_line' id='line_1_36' title="bbox 0 0 830 2948; baseline 0 0"><span class='ocrx_word' id='word_1_233' title='bbox 0 0 830 2948; x_wconf 95' lang='lat' dir='ltr'><strong> </strong></span> 
     </span>
    </p>
   </div>
  </div>
 </body>
</html>
