1650 2948
110 155 155 203 114
237 155 286 202 Al)
303 154 480 204 DlVERSOS.
497 151 559 201 Irin.
570 153 602 200 V.
618 152 649 199 2..

108 284 183 346 magis
193 285 218 332 in
228 300 326 332 errorem
334 299 421 340 meum,
434 291 456 330 et
469 281 541 346 quod,
550 297 590 329 me
599 283 642 330 ebs
653 290 677 328 te
687 281 776 345 cupisse

110 349 207 406 laudari,
224 358 301 412 aperte
314 358 384 410 atque
397 348 497 409 ingenue
511 346 643 394 confitebar.
665 346 724 393 Jem
736 347 779 395 hoc

109 426 156 459 non
168 421 241 475 potest
256 413 281 458 in
298 421 321 459 te
336 426 382 459 non
399 411 522 457 honorifice
536 426 583 458 esse
596 409 694 466 dictum,
706 410 778 461 mein

109 477 238 524 clarissimis
251 477 308 523 meis
320 484 389 538 atque
401 475 548 536 amplissimis
564 476 633 521 rebus
648 483 726 521 tamen
737 474 778 521 nli-

108 541 171 605 quod
182 541 337 588 testimonium
349 549 395 586 tuae
405 539 465 587 vocis
475 539 559 585 habere
570 539 676 586 voluisse.

142 604 214 664 Quod
232 612 310 652 autem
324 604 357 651 ita
373 603 460 660 scribis,
476 605 494 631 ‘⁶
506 618 548 665 pro
563 611 647 649 mutuo
662 601 723 650 inter
737 614 779 651 noe

108 668 187 716 anino
195 669 221 726 ;'’
238 667 295 732 quid
305 677 332 716 tu
343 667 458 715 existimes
465 666 545 714 essein
552 666 654 714 amictis
659 674 778 728 mutuum,

106 733 184 781 nescio
193 750 200 780 ε
218 732 325 797 equidem
335 732 378 780 hoc
389 731 493 791 arbitror,
504 746 558 778 cum
569 745 612 793 par
621 731 728 778 voluntas
742 746 780 779 ac·

108 796 192 861 cipitur
203 806 226 846 et
236 796 345 846 redditur.
362 796 423 858 Ego,
435 795 509 843 sihoc
518 794 602 851 dicum
611 809 650 842 me
661 794 779 843 turicensi

106 862 278 924 pretermisisse
288 861 437 926 provinciam,
444 859 486 907 tibi
492 861 541 923 ipse
548 858 620 907 levior
626 859 705 906 videor
715 874 778 908 esses

107 939 166 974 meae
178 927 240 974 enim
250 927 348 975 renones
356 925 391 972 ita
400 924 503 971 tulerunt
512 940 519 980 3
531 931 600 987 atque
608 924 659 983 ejus
666 923 714 971 mei
724 938 779 972 con.

107 989 154 1036 silii
161 992 272 1050 majorem
282 991 307 1037 in
318 990 365 1037 dies
372 989 473 1050 singulos
481 988 582 1035 fructum
590 987 780 1063 voluptatemque

107 1053 180 1116 cepio.
198 1053 262 1101 Illud
272 1053 331 1112 dico,
339 1068 385 1112 me,
393 1060 420 1099 ut
429 1053 532 1116 primum
539 1052 564 1098 in
571 1051 679 1099 concione
684 1067 779 1115 provino

107 1117 168 1164 cium
186 1116 339 1181 deposuerim,
353 1116 439 1174 statim,
455 1114 652 1179 quemadmodum
668 1131 721 1163 cem
735 1116 779 1165 iili

107 1180 229 1238 traderem,
238 1181 335 1243 cogitare
350 1181 448 1242 cupisse.
469 1181 537 1227 Nihil
551 1179 602 1226 dico
615 1179 646 1227 de
661 1181 779 1229 sortitione

106 1242 198 1291 vestris:
216 1252 307 1292 tentum
318 1252 341 1291 te
354 1243 463 1306 suspicari
473 1244 533 1303 volo,
547 1243 606 1291 nihil
620 1244 646 1291 in
659 1244 687 1292 ei
702 1259 728 1293 re
737 1260 779 1309 per

105 1308 218 1370 collegam
228 1324 315 1367 meum,
325 1323 363 1356 me
373 1307 489 1367 insciente,
503 1324 551 1356 esse
560 1309 655 1356 fectum.

139 1373 268 1420 Recordare
284 1381 379 1421 cetera:
397 1388 468 1436 quam
486 1372 531 1420 cito
549 1380 655 1420 senatum
672 1372 714 1422 illo
730 1374 779 1435 die,

106 1434 167 1484 fecti
177 1437 301 1495 sortitione,
312 1437 440 1500 co'e'gerime
458 1453 529 1500 quam
540 1437 615 1485 mults
631 1437 660 1485 de
671 1446 695 1486 te
707 1441 778 1488 verba

105 1499 207 1559 fecerim,
223 1517 277 1550 cum
292 1510 318 1550 tu
330 1502 380 1565 ipse
393 1501 452 1548 mihi
464 1501 550 1560 dixisti,
563 1501 690 1550 orationem
699 1519 778 1551 meam

105 1578 153 1612 non
169 1567 245 1614 solum
258 1567 283 1614 in
298 1575 321 1614 te
335 1566 492 1622 honorificem,
503 1565 543 1613 sed
562 1565 632 1613 etiam
642 1565 667 1613 in
678 1567 778 1630 collegas

106 1637 159 1677 tuos
169 1631 365 1687 contumeliosam,
381 1628 457 1675 misse.
479 1628 537 1675 Jem
549 1628 608 1675 illud
621 1633 778 1680 senatis-con-

105 1695 202 1752 sultum,
213 1693 276 1756 quod
286 1709 313 1741 eo
323 1693 361 1740 die
370 1693 458 1739 fectum
469 1700 511 1751 est,
519 1691 547 1740 eis
554 1693 725 1756 prescriptione
732 1704 774 1756 est,

105 1765 141 1814 ut,
153 1757 210 1804 dum
220 1757 245 1804 id
255 1756 361 1815 exstabit,
376 1756 477 1803 officium
491 1771 571 1804 meum
582 1757 606 1803 in
617 1765 640 1804 te
651 1759 775 1809 cmm-um

105 1835 153 1869 esse
163 1835 209 1868 non
219 1820 297 1883 possit.
317 1821 399 1868 Postea
410 1835 471 1877 vero,
483 1836 555 1883 quam
565 1821 680 1884 prefectus
691 1839 724 1884 es,
735 1840 780 1872 νο..

104 1884 147 1932 lim
157 1883 280 1943 recordere,
291 1900 344 1947 que
354 1899 397 1946 ego
406 1883 464 1932 dete
474 1884 499 1932 in
510 1893 589 1932 senatu
600 1885 686 1948 egerim
696 1904 704 1944 ς
722 1904 775 1964 quer

104 1948 130 1994 in
140 1948 285 1997 concionibus
299 1948 412 2005 dixer-Im
430 1964 488 2012 ques
498 1948 529 1996 ad
541 1958 564 1998 te
574 1950 651 1997 literas
661 1951 773 2002 misenus.

104 2011 166 2073 Qua
181 2028 236 2062 cunr
251 2013 330 2062 omnis
344 2013 469 2076 collegeris,
485 2023 511 2061 cu
527 2014 576 2076 ipse
590 2014 660 2063 velim
674 2015 774 2075 judices,

103 2077 187 2125 satisne
204 2078 309 2126 videatur
324 2077 360 2126 his
376 2078 483 2127 omnibus
498 2079 566 2126 rebus
581 2086 636 2126 tuus
652 2079 773 2142 advenms,

101 2155 157 2191 mm
167 2143 273 2204 proxime
283 2143 385 2190 Romam
395 2141 485 2199 venisti,
497 2150 579 2190 mutue
588 2143 740 2205 respondisse.

113 2229 118 2239 ·
134 2204 205 2266 Quod
215 2206 294 2254 scribis
303 2206 335 2255 de
342 2205 485 2254 reconsiliati
495 2206 573 2254 nostri
582 2204 671 2270 gretid;
680 2222 728 2257 non
736 2208 773 2257 in.

102 2268 189 2333 fflligc,
203 2285 244 2317 cur
254 2270 421 2319 reconciliatam
437 2285 484 2318 esse
496 2269 566 2330 dioes,
582 2287 635 2335 quae
649 2286 699 2319 nun
715 2288 772 2321 uam

102 2334 226 2382 imminuta
237 2342 278 2381 est.
300 2333 372 2394 Quod
385 2335 472 2395 scribis,
487 2348 534 2390 non
548 2336 674 2400 oportuisse
716 2337 772 2386 etel.

100 2398 152 2447 lum
161 2398 256 2447 fratrem
267 2406 335 2446 tuum
345 2400 374 2446 ob
385 2398 472 2446 dictum
482 2414 497 2444 a
507 2414 545 2447 me
559 2399 706 2462 oppugnari3
722 2402 771 2465 pri.

100 2477 176 2523 mum,
185 2463 228 2511 hoc
236 2462 305 2511 velim
311 2462 434 2522 existimes,
443 2463 613 2511 animummihi
620 2463 693 2513 istum
701 2472 770 2517 mum

99 2528 244 2576 vehementer
253 2526 353 2591 probari,
366 2535 388 2574 et
398 2527 522 2575 fraternam
532 2527 625 2591 plenam
635 2528 770 2579 humanite-

33 2617 36 2625 ·
86 2591 120 2639 tis
129 2592 263 2658 sepientis
274 2592 432 2645 voluntatem:
448 2590 539 2649 deinde,
555 2591 574 2639 si
587 2591 635 2666 qui
651 2607 695 2656 ego
705 2593 730 2641 in
741 2610 766 2642 re

69 2652 147 2709 statu
163 2666 219 2726 tuo,
241 2659 278 2712 rei
297 2657 402 2731 publice
416 2655 498 2717 mul&
518 2655 653 2723 militm»,
665 2666 697 2717 lt
712 2657 774 2711 wilti
