1650 2948
177 151 227 200 An
244 150 422 203 Dlvnusos.
439 155 499 202 Lis.
513 156 558 203 IX.
576 158 615 202 25.
681 158 729 210 ι277

56 282 148 344 agendi,
161 283 310 344 providendi:
329 284 371 328 hoc
385 284 483 345 deniqne
495 286 571 331 animo
589 300 650 338 suni,
662 293 696 338 ut,
710 286 727 329 si

56 349 81 392 in
93 347 136 392 hac
151 346 204 392 curel
218 357 286 409 atque
302 348 497 395 administratione
509 350 556 395 vita
570 349 628 394 milri
642 364 729 408 ponen-

54 411 87 457 da
105 411 143 467 sit,
155 411 262 473 praeclare
278 422 356 458 actum
371 427 463 460 mecum
482 423 570 475 putem.
595 412 678 460 Etiam
695 422 731 460 ut·

56 489 105 538 que
115 473 186 522 etiam
197 475 254 522 vale.

175 662 243 720 (25.)
259 658 387 710 CICERO
404 662 478 710 IMP.
496 661 607 712 PAETO.

90 788 394 851 (Argumentum-Cum
410 791 498 840 cilicia
515 792 595 840 Cicero
610 807 652 855 pro
673 807 728 840 eon·

57 853 108 901 sule
118 865 231 917 praeesset,
245 856 335 903 aParto
346 855 462 904 litarasde
476 872 501 905 re
516 856 610 903 militari
626 856 726 919 aceepit:

56 918 207 1044 diffiditoelm
221 920 258 967 hia
271 921 380 984 exagitat,
397 929 421 967 et
434 920 483 968 uni
499 921 536 967 M.
548 921 649 968 Fabium
664 935 727 968 oom-

90 1110 217 1159 Summum
227 1077 634 1162 marrineio-tamaianam
653 1112 727 1161 rane

57 1174 195 1235 nesciebam,
206 1183 229 1222 te
240 1184 289 1223 tam
299 1176 400 1239 peritum
410 1193 459 1225 erae
468 1177 502 1225 rei
512 1179 624 1226 miliaria
641 1177 727 1241 Pyrrhi

57 1246 81 1286 te
90 1238 161 1287 libros
172 1247 194 1286 et
205 1239 283 1287 Cineae
293 1240 359 1287 video
373 1240 492 1289 loetitiase.
515 1242 598 1306 Itaque
608 1243 727 1306 obteinpe-

57 1317 108 1350 rare
118 1303 193 1366 cogito
207 1304 325 1367 preceptis
339 1304 401 1352 tuis:
418 1305 462 1352 hoc
477 1306 593 1369 amplius;
610 1306 727 1354 naviculu-

56 1381 110 1414 rum
118 1367 203 1416 labere
212 1366 300 1431 aliquid
310 1369 335 1415 in
343 1369 384 1416 orit
394 1369 525 1417 maritimis:
537 1379 616 1418 muira
625 1370 727 1433 equitem

57 1430 174 1479 Parthum
189 1440 276 1494 negant
287 1432 361 1480 ullam
375 1442 516 1480 armauuam
531 1434 649 1482 meliorem
663 1433 728 1482 inve·

56 1494 102 1543 uiri
112 1511 185 1558 posse.
203 1495 249 1544 Sed
262 1496 320 1561 quid
333 1496 456 1544 ludimus?
473 1497 554 1558 nemis,
566 1511 667 1560 quocum
682 1496 728 1544 im·
744 1506 746 1510 ⁴

56 1568 160 1624 peratore
176 1559 219 1608 tibi
235 1560 354 1623 negotium
375 1561 412 1608 sit.
441 1560 541 1606 nartem
562 1568 636 1621 Κνρον,
655 1575 727 1623 quam

56 1623 208 1672 conniveram
225 1624 331 1686 legendo,
353 1633 426 1672 totam
441 1623 467 1672 in
482 1624 526 1672 hoc
541 1623 638 1686 imperio
654 1623 728 1686 expli-

56 1688 114 1737 oavi.
138 1688 184 1737 Sed
199 1688 329 1749 iocabimur
347 1689 404 1737 alias
420 1703 506 1747 eoram,
524 1698 551 1736 ut
570 1702 643 1751 spero,
663 1687 728 1735 brevi

55 1751 635 1892 anri,
645 1766 729 1816 1...

88 1881 152 1929 Cum
163 1880 201 1928 M.
209 1880 281 1929 Fabio
294 1881 368 1944 (quod
378 1897 435 1929 serre
446 1890 469 1929 te
479 1882 586 1941 arbitror)
596 1880 655 1929 mihi
663 1895 728 1928 sum-

54 1960 109 1992 mus
123 1960 180 1993 usus
196 1954 249 2000 esta
267 1945 379 2008 valdeque
396 1961 450 1992 eum
467 1946 547 2009 diligo,
564 1961 618 1994 curn
634 1954 728 2009 propter

55 2024 174 2057 summam
185 2010 322 2072 probitatem
332 2012 382 2071 eius
392 2024 419 2056 ac
429 2010 569 2072 singularem
579 2009 726 2068 modestiam,

55 2083 109 2122 tum
120 2073 191 2148 quod,
207 2073 232 2120 in
244 2073 281 2121 his
291 2074 447 2122 enutroversiia
461 2089 518 2137 quas
532 2074 606 2122 habeo
616 2089 669 2122 cum
680 2073 727 2122 tuis

55 2138 232 2185 combibonibus
242 2137 370 2201 Epimreis,
386 2137 474 2201 optimi
489 2138 559 2201 operi
574 2139 624 2199 ejus
638 2139 673 2186 uri
689 2154 726 2187 so-

56 2200 103 2250 leo.
124 2201 149 2249 Is
160 2217 213 2249 aum
224 2202 254 2249 ad
268 2217 306 2250 me
317 2202 456 2250 laodiceam
467 2203 572 2262 venisset,
588 2218 726 2266 mecumque

55 2280 100 2328 ego
111 2281 165 2313 eum
176 2281 225 2314 ease
239 2267 331 2326 vellem,
347 2275 440 2330 repente
454 2282 572 2330 percussus
587 2277 621 2315 eat
634 2267 726 2314 atrods·

55 2329 122 2379 simis
132 2329 211 2390 literis,
223 2331 248 2378 in
275 2331 344 2378 uibus
358 2330 402 2379 aeri
418 2340 469 2378 tum
484 2341 540 2390 erat,
551 2332 653 2379 fundum
664 2331 726 2378 Her·

55 2393 204 2445 astunensem
220 2411 235 2441 a
251 2347 282 2454 ὃ.
299 2395 381 2453 Fabio,
398 2347 476 2454 liene,
492 2396 645 2458 proscriptum
661 2409 725 2468 esser

56 2457 99 2521 qui
110 2457 197 2507 fundus
207 2474 260 2508 cum
274 2474 301 2507 eo
315 2460 443 2507 eommunis
458 2469 523 2508 esset.
543 2460 573 2507 Id
584 2459 622 2507 M.
637 2456 725 2504 l'abma

55 2523 197 2586 pergraviter
206 2523 274 2583 tulii3
292 2523 484 2587 existimavitque,
491 2523 585 2571 fratrem
598 2534 677 2578 suum,
684 2519 727 2566 ho-

54 2585 145 2634 minem
155 2601 201 2635 non
212 2587 347 2651 sapientem,
358 2587 461 2652 impulsu
472 2587 617 2636 inimieorum
628 2598 725 2632 suorum

55 2665 184 2774 eo(Epist.)
202 2668 301 2765 roffi..
531 2718 580 2764 ‘ln
