1650 2948
194 186 251 235 An
261 184 437 238 DNERSOS.
456 189 515 237 Ins.
534 188 584 237 ll'l.
605 191 646 237 lo:
721 194 752 246 77

80 331 180 380 quasque
187 317 268 376 voluit,
279 318 360 381 legetis
371 320 416 366 tuis
424 320 504 366 datum
511 319 610 366 induxit.
628 319 749 368 Teuutern

79 381 166 444 quibus
188 381 313 429 mendaciis
342 383 446 431 homines
473 384 582 431 levissimi
607 386 750 432 onerirunt?

77 460 125 493 non
135 445 207 493 modo
217 447 320 494 sublatos
329 456 428 505 sumtus,
440 447 478 495 sed
489 448 557 495 etiem
568 463 583 495 s
598 449 750 512 procuratori-

78 511 123 556 bus
134 524 224 569 eorum,
242 510 283 573 qui
291 511 341 571 jsrn
352 511 446 575 profecti
457 521 538 570 essent,
550 513 657 576 repetitos
668 521 691 560 et
706 515 749 560 sb·

78 572 157 685 ffi
170 588 270 637 eamque
284 585 378 622 seusam
395 576 476 624 multis
493 576 588 624 omnino
609 591 655 624 non
677 577 760 624 eundi·

110 701 227 760 Quererer
237 710 313 750 tecum
323 712 393 778 etque
403 704 578 768 expostularem,
589 704 615 751 ni
625 710 662 757 (ut
678 720 748 769 supra

78 765 168 829 scripsi)
178 781 278 829 purgare
294 782 332 815 me
342 767 385 814 ubi
394 768 437 815 hoe
448 776 489 815 tuo
501 777 610 830 tempore,
628 783 698 842 quani
709 785 747 817 sc-

77 845 156 877 cusare
166 838 199 890 te,
210 831 320 878 mallem:
338 831 407 895 idque
417 841 523 894 putarem
534 847 582 878 esse
592 841 681 879 recuus.
699 832 747 879 Ita·

77 902 123 956 que
132 893 194 941 nihil
203 894 233 942 de
244 904 275 953 te,
284 895 346 958 quod
357 896 476 944 credideris
487 895 516 943 de
526 911 579 951 me3
597 897 748 958 quamobrem

77 972 123 1004 non
134 958 242 1006 debueris
252 959 351 1019 credere,
362 976 435 1023 pauca
446 959 528 1007 dicam.
546 960 618 1018 Nam,
630 959 649 1006 si
662 974 700 1006 me
713 959 748 1007 ri-

77 1036 129 1070 rum
135 1024 236 1082 bonum,
245 1023 264 1070 si
272 1023 369 1099 dignum
376 1024 413 1071 his
421 1024 501 1072 studiis
509 1023 582 1098 eique
589 1023 700 1080 doctrinis,
709 1023 747 1070 cui

76 1086 322 1162 meapueritibdedr;
339 1088 506 1151 sisetismsgni
514 1087 594 1145 ammi,
602 1101 648 1135 non
654 1086 746 1134 minimi

76 1151 173 1211 consilii,
190 1151 216 1198 in
226 1152 335 1200 maximis
346 1152 413 1200 rebus
427 1161 570 1216 perspectum
581 1152 666 1208 hubes3
686 1151 746 1199 nihil

77 1212 100 1260 in
110 1230 158 1272 rne,
167 1230 216 1263 non
227 1215 296 1264 modo
306 1216 453 1280 perfidiosum
464 1225 487 1263 et
496 1216 631 1263 insidiosum
642 1225 664 1263 et
674 1215 746 1262 fallax

77 1277 101 1324 in
110 1279 223 1339 amicitiis,
241 1279 281 1327 sed
291 1295 321 1327 ne
330 1280 419 1328 humile
429 1280 522 1345 quidem
533 1289 575 1328 aut
587 1282 695 1341 jejunum
706 1279 746 1326 de·

77 1342 115 1390 bes
125 1358 255 1407 agnoscere.
275 1344 316 1392 Sin
326 1353 404 1392 sutem
423 1360 461 1392 me
477 1352 578 1392 astutum
595 1353 618 1391 et
628 1344 744 1391 occrdtum

75 1406 139 1466 juvat
149 1408 255 1471 fingere3
272 1408 329 1472 quid
340 1416 382 1468 est,
393 1409 457 1472 quod
466 1408 543 1455 minus
558 1407 637 1455 mdere
646 1407 671 1455 in
682 1408 744 1467 ejus-

76 1471 137 1518 modi
147 1480 258 1519 nemnem
268 1473 349 1535 possit,
357 1487 428 1535 quam
435 1480 477 1519 sut
485 1471 638 1519 florentissimi
643 1470 744 1518 hominis

75 1534 207 1598 adspernari
222 1536 414 1611 benevolentium,
431 1545 472 1583 eut
489 1537 538 1597 ejus
553 1535 744 1608 existimetionern

76 1613 212 1712 usu
221 1597 744 1721 pn„

76 1727 120 1790 qui
129 1728 192 1775 nihil
202 1728 282 1776 obsis?
299 1737 340 1775 aut
350 1728 374 1775 id
385 1729 467 1791 eligere
479 1728 509 1775 sd
524 1726 653 1790 perfidiam,
671 1724 743 1788 quod,

76 1791 102 1838 ad
110 1792 266 1839 indicendum
277 1792 366 1852 odium,
381 1792 549 1856 apertissimum
566 1792 603 1850 sit,
615 1790 645 1838 ed
660 1804 743 1839 nocen-

75 1854 138 1915 dum,
150 1856 316 1904 levissimum?

104 1919 173 1980 Quid
190 1929 240 1968 erat
257 1928 344 1980 autem,
364 1936 404 1968 cur
414 1936 456 1983 ego
467 1921 491 1968 in
502 1929 525 1969 te
534 1928 583 1967 tam
593 1917 744 1981 implacabilis

76 1999 154 2044 essem,
167 1999 224 2032 cum
234 1993 258 2033 te
269 2000 298 2032 ex
308 1985 377 2032 fratre
387 1999 448 2043 meo,
466 1999 495 2032 ne
509 1994 564 2032 tunc
575 1983 677 2046 quidem,
690 1998 743 2030 cum

75 2048 113 2096 tibi
125 2064 202 2113 prope
217 2063 306 2096 necesse
320 2057 377 2096 esset
392 2065 430 2096 eas
444 2063 509 2110 egere
525 2057 609 2110 partes,
624 2047 744 2093 inimicum

74 2113 129 2160 mihi
140 2113 214 2160 fuisse
224 2115 355 2176 oogndssem
366 2116 377 2160 ἒ
394 2113 455 2161 Cum
467 2127 519 2159 vero
529 2111 628 2159 reditum
639 2121 744 2158 nostrum

75 2175 316 2289 mliii-⁰
327 2175 745 2288 3¹¹’iihuldeldldez

74 2293 201 2353 voluisses?
219 2249 350 2364 Quiigmm'h'i
358 2258 480 2361 handus,
488 2319 541 2351 curn
549 2313 572 2351 te
581 2303 683 2351 Puteolis
691 2317 744 2365 pro-

75 2383 188 2434 equerer,
200 2369 226 2416 in
237 2385 285 2433 quo
295 2384 341 2417 non
353 2369 542 2432 exspectationem
554 2378 618 2415 tuam
626 2366 746 2428 diligentiis

76 2435 125 2482 mei
136 2433 253 2482 vicerim?
270 2432 342 2492 Quod
353 2434 373 2480 si
383 2434 408 2480 id
418 2442 452 2481 est
462 2433 564 2479 maxime
574 2432 653 2486 astuti,
667 2430 745 2475 omnis

76 2498 101 2544 ad
112 2513 182 2545 sirum
198 2498 322 2545 utilitatem
338 2498 436 2553 referre3
453 2497 510 2561 quid
524 2496 582 2544 mihi
593 2494 686 2542 tandem
698 2499 746 2564 erut
761 2550 763 2555 Ι

76 2562 161 2622 utilius,
174 2562 233 2626 quid
244 2561 369 2609 commodis
384 2561 441 2609 meis
455 2561 541 2624 aptius,
558 2573 630 2624 quum
645 2556 747 2602 hominis

76 2626 211 2674 nobilissimi
216 2625 461 2690 atquehonorstissimi
467 2622 764 2691 conjunctimcutusopesu

70 2689 197 2748 ngenium,
204 2689 283 2749 -liben',
295 2690 384 2752 affines,
398 2692 543 2761 propinqui,
554 2691 621 2744 mihi
631 2704 727 2754 mogun
735 2685 777 2735 uel

553 2777 579 2810 rr
591 2763 610 2810 ‘l
