1650 2948
182 153 232 201 AD
248 153 426 206 mvnusos.
444 157 504 205 lon.
522 155 596 205 VIII.
614 160 636 206 t.
694 162 739 207 221

71 283 161 340 solam3
179 283 261 331 deinde
280 285 388 332 eumdem
407 287 600 334 condemnatum:
627 287 654 334 C.
673 286 740 334 Mar.

69 349 155 394 cellum
166 349 284 396 consulem
302 350 404 397 factumz
422 352 459 398 M.
472 351 597 397 Claudium
615 367 629 397 a
646 353 739 414 repulsi

67 412 212 474 postulatum
222 428 237 460 a
248 413 323 461 Gallis
340 414 444 462 duobus:
463 416 491 463 P.
506 415 652 462 Dolabellam
669 417 739 479 quin-

67 475 220 525 decimvirum
230 477 325 525 fadum.
342 479 396 527 Hoc
410 479 453 527 tibi
467 494 514 528 non
528 479 628 538 invideo,
639 480 738 531 oarussse

67 540 257 653 molesmo
267 543 403 604 spectaculo,
415 550 438 591 et
455 543 550 592 Lentuli
560 543 641 592 cmris
651 545 739 608 repulsi

135 620 161 652 m
177 618 224 654 non
242 605 330 654 vidisse
348 605 448 671 Atqui
526 624 598 671 quam
615 609 677 656 certi
716 609 737 657 i-

66 668 137 717 nione
146 668 307 718 descenderat!
325 687 396 734 quam
407 623 584 735 ipso'diliidente
594 672 671 721 Dolab
726 674 733 722 l

65 731 109 792 Io,
127 733 251 792 (hames)
268 734 313 782 nisi
326 736 397 783 nostri
414 736 501 799 equites
515 736 604 784 acutius
617 737 735 796 vidissent,

65 798 736 926 ew

343 897 350 922 l
477 897 485 923 9
724 896 736 907 “

64 939 126 973 nnm
135 926 219 989 plebis,
236 927 428 975 condemnatum
446 929 513 990 cujus
529 928 606 975 losum
622 928 649 976 C·
663 928 735 978 CurIo

61 989 138 1053 petiit
155 991 217 1039 Sene
226 1006 298 1055 quam
314 991 397 1040 inmtit
412 992 501 1051 multis,
516 992 558 1056 qui
571 1007 626 1039 eum
636 992 734 1042 fadlita·

63 1061 160 1118 temque
177 1055 227 1115 ejus
245 1069 292 1103 non
310 1058 405 1113 norunt,
423 1071 535 1118 magnum
551 1065 658 1104 menime
682 1058 731 1117 sed,

63 1119 501 1184 ntspetoetvolnetutsefertipse,
513 1122 733 1170 bonosetsenatum

63 1183 151 1231 malets
169 1191 239 1243 totus,
257 1191 285 1231 nt
297 1198 359 1243 nunc
369 1192 411 1243 est,
427 1185 470 1233 hoc
480 1185 582 1234 scaturit.
598 1186 679 1247 Hujus
690 1203 732 1236 vo-

61 1246 160 1295 luntatis
169 1247 263 1295 initium
273 1256 297 1296 et
310 1263 378 1295 causa
388 1258 430 1308 est,
446 1248 508 1312 quod
519 1264 573 1296 eum
583 1264 630 1297 non
644 1251 732 1300 medio-

61 1311 132 1360 niter
141 1311 227 1372 Ceam,
236 1312 277 1376 qui
285 1313 343 1359 solet
348 1312 480 1361 infimorum
491 1312 613 1361 hominum
621 1315 732 1369 amicitias

55 1375 230 1452 aliiquilibet
246 1375 349 1438 impensi
367 1377 500 1439 adjungere,
517 1377 584 1425 valde
603 1380 729 1427 contemsit

61 1438 120 1499 Qua
133 1455 158 1488 ιιι
169 1455 194 1488 re
203 1439 262 1488 mihi
272 1441 362 1488 videtur
377 1441 437 1488 illud
447 1455 558 1504 perquem
569 1451 663 1490 venuste
673 1444 731 1490 osei-

61 1503 129 1552 disse.
147 1502 219 1563 Quod
229 1520 243 1552 a
253 1505 346 1568 reliquis
357 1520 449 1569 quoque
459 1519 533 1567 usqne
544 1519 570 1551 eo
581 1513 615 1553 ost
625 1506 729 1554 animad.

60 1582 164 1628 meum,
175 1577 203 1616 ut
214 1569 292 1627 Curio,
307 1570 348 1632 qui
358 1569 417 1616 nihil
431 1568 524 1616 consilio
537 1567 600 1626 facit,
611 1569 698 1616 ratione
708 1578 732 1616 et

59 1632 151 1682 insidiis
167 1649 223 1681 usus
235 1632 349 1681 videretur
364 1633 389 1680 in
404 1632 515 1682 evitandis
527 1647 607 1679 eorum
621 1632 730 1692 consiliis,

77 1697 104 1746 ni
114 1713 139 1746 se
155 1697 299 1746 intenderant
313 1698 452 1746 advesarios
468 1697 493 1743 in
506 1697 556 1757 ejus
569 1695 728 1745 tn'bunatume

115 1761 121 1773 ‘
159 1769 183 1810 et
191 1762 316 1820 Antonios,
328 1770 351 1810 et
362 1761 387 1810 id
397 1777 470 1824 genus
481 1761 589 1819 valentes,
601 1760 659 1808 dico.

94 1827 148 1875 Hes
164 1841 207 1889 ego
224 1826 267 1875 tibi
283 1825 361 1873 literas
377 1841 404 1874 eo
421 1827 508 1886 majore
529 1825 582 1873 misi
598 1824 727 1886 intervallo,

61 1891 126 1956 qood
136 1891 281 1940 comitiorum
296 1890 416 1938 dilationes
426 1890 593 1953 occupatiorem
603 1904 642 1938 me
654 1891 727 1939 hobe-

59 1957 135 2012 bentt
152 1964 176 2004 ct
191 1963 321 2018 exspectare
336 1954 362 2002 in
381 1953 429 2002 dies
447 1954 536 2002 exitum
555 1956 674 2016 cogebant,
691 1964 727 2014 ut,

58 2019 169 2068 conlectis
180 2019 296 2079 omnibus,
310 2027 333 2066 te
343 2018 441 2066 facerem
451 2018 575 2065 cerdonem.
592 2018 634 2066 Ad
645 2019 729 2069 Galen.

58 2084 103 2132 dis
112 2083 210 2132 Sextiles
220 2099 293 2146 usque
304 2083 440 2146 exspectavi.
458 2081 574 2129 Praetoriis
583 2097 654 2130 morae
665 2099 728 2146 quae-

59 2147 116 2196 dam
126 2147 261 2196 inciderunt
279 2146 336 2195 Mea
346 2162 414 2210 pono
430 2145 522 2194 nomitia
536 2161 606 2208 quem
620 2156 727 2195 eventum

59 2213 107 2260 sint
116 2212 232 2272 habitura,
247 2211 329 2259 nescio.
346 2210 487 2274 Opinionem
502 2209 605 2273 quiden,
621 2212 683 2274 quod
697 2211 728 2258 ad

59 2275 161 2324 Hirrum
168 2275 258 2335 attinea
264 2275 429 2336 incredibilem,
438 2274 539 2322 aedilium
545 2275 619 2338 plebis
632 2275 729 2324 comitiis

58 2348 129 2389 nacta
135 2349 197 2390 ιιιιιι.
210 2340 236 2388 N
237 2355 275 2388 am
287 2339 324 2386 Μ.
333 2340 433 2388 Coelium
440 2338 588 2387 Vinicianum
595 2340 682 2387 mentio
688 2340 729 2385 illa

58 2404 135 2464 fatua,
152 2419 224 2468 quein
238 2403 389 2452 deiiceramus
403 2404 469 2464 olm,
487 2412 509 2451 et
526 2403 680 2468 promulgatio
698 2403 729 2449 de

59 2468 178 2530 dictam
190 2469 267 2518 subito
276 2469 365 2530 dejecit,
376 2475 399 2516 et
409 2467 522 2528 dejectum
533 2482 618 2530 magno
629 2467 729 2514 elamore

57 2532 210 2582 inmineat.
226 2533 286 2582 Inde
295 2533 393 2581 Hirrum
399 2533 475 2580 cuncti
484 2530 526 2592 [an
532 2533 591 2594 non]
598 2528 729 2577 faciendum

60 2597 173 2662 mgime
192 2652 194 2656 y
263 2630 271 2658 ,
288 2606 312 2646 te
328 2596 437 2657 celeriter,
448 2604 472 2644 et
482 2595 511 2643 de
524 2595 591 2643 nobis
600 2592 663 2657 quod
677 2607 729 2655 soe-

60 2661 125 2722 sisti,
133 2661 205 2711 etde’
236 2662 316 2728 ,quod
325 2661 364 2714 vix
372 2674 465 2729 sperare
473 2655 746 2775 aususesiuudimmnn.

539 2741 560 2776 ιι
