1650 2948
100 137 146 198 iu
222 134 645 198 Anmwffioenmuu

97 279 123 325 in
134 287 236 327 utentem
246 279 341 343 quidem
352 278 417 325 nobis
428 277 534 342 veniebat
551 281 644 339 propter
655 270 770 337 quotidiol

97 357 140 390 nos
151 353 234 403 metus,
246 359 314 390 omne
325 351 416 406 tempus
427 344 475 391 uni
485 341 623 396 fuissemus3
640 353 716 402 neque
730 352 771 384 me

98 408 205 455 valetudo
213 418 253 454 tua
259 407 389 464 offenderet,
399 422 473 470 neque
482 415 505 453 te
513 420 595 452 moeror
602 419 675 450 meus.
688 401 768 461 Quod,

100 481 215 534 quantum
226 472 275 518 fieri
286 470 376 533 poterit,
388 485 561 534 consequamur.
585 467 651 526 Quid
662 467 725 514 enim
736 473 770 512 est

99 536 192 647 utrique
200 539 303 583 nostrum
309 533 386 598 aptius
395 539 406 583 Ρ
424 534 560 599 Propediem
569 541 592 580 te
599 532 671 595 igitur
680 531 769 580 videbo.

126 600 169 648 eie.

167 788 689 854 ouunfflwmsunno
767 794 770 798 ’

134 919 505 982 (Argamum-consolatur
524 918 644 981 diiigenter
660 917 772 978 nmictun,

100 984 192 1032 obitum
200 985 326 1032 liberorum
336 984 508 1032 immoderatius
517 983 647 1042 sesemen.)

133 1111 186 1160 Etsi
200 1128 262 1160 unus
279 1128 308 1160 ex
323 1112 431 1161 omnibus
441 1110 538 1159 minime
553 1125 606 1158 sum
616 1109 647 1158 sd
657 1119 682 1159 te
692 1122 772 1160 oonsu-⁸

100 1176 197 1223 lendum
209 1177 400 1235 accommodatus,
412 1176 475 1240 quod
484 1183 575 1224 tentum
586 1191 616 1223 ex
625 1175 672 1224 tuis
687 1176 772 1224 moles}

100 1239 138 1287 tiis
149 1240 198 1302 cepi
208 1240 300 1300 doloris,
309 1248 337 1287 ut
346 1240 499 1288 consolatione
508 1239 557 1302 ipse
565 1254 656 1303 egerem
665 1256 672 1296 ς
685 1248 772 1300 mmm,

100 1318 157 1352 cum
166 1304 286 1366 longiusa
297 1304 382 1353 summi
392 1305 467 1352 luctus
477 1305 598 1353 acerbitate
608 1319 675 1352 meus
685 1307 773 1353 abesset

101 1362 175 1428 dolor,
190 1377 335 1432 quamtum,
351 1369 421 1417 stetui
431 1377 514 1416 nostrie
529 1367 702 1416 necessitudinis
715 1384 772 1429 esse,

101 1447 206 1496 meaeque
216 1433 241 1480 in
256 1442 278 1481 te
293 1432 465 1492 benevolentia,
476 1447 523 1480 non
539 1441 612 1480 tacere
622 1440 687 1481 tento
697 1432 723 1480 in
733 1442 774 1482 mc

101 1510 198 1546 moerore
208 1497 306 1557 tamdiu,
318 1498 358 1545 sed
369 1497 477 1545 adhibere
484 1496 586 1559 aliquam
592 1495 709 1545 modicam
720 1513 775 1545 oon·

102 1562 246 1623 solationem,
258 1578 310 1626 quae
320 1563 396 1610 levare
406 1562 508 1609 dolorem
524 1570 592 1608 tuum
602 1571 688 1624 posset,
700 1561 774 1609 eimi-

101 1640 147 1675 nus
156 1626 358 1689 sanarepotuisset
375 1627 419 1673 Est
426 1633 504 1673 eutem
510 1625 634 1672 consolatio
640 1626 775 1689 pervulgate

103 1691 198 1755 quidem
208 1691 250 1738 ilie
259 1691 373 1748 maxime
381 1705 453 1752 quam
469 1704 559 1752 semper
574 1689 599 1735 in
615 1704 654 1736 ore
670 1698 740 1753 etque
750 1689 775 1738 in

103 1755 181 1802 animo
191 1755 275 1802 hebere
285 1753 404 1813 debemus,
415 1753 520 1800 homines
530 1767 573 1800 nos
588 1761 617 1800 ut
627 1769 676 1802 esse
691 1755 775 1802 meini-

92 1813 214 1877 'nerimuu
223 1818 250 1865 ei
258 1818 308 1880 lege
318 1826 392 1876 natos,
403 1825 430 1864 ut
438 1817 546 1865 omnibus
553 1817 604 1864 telis
612 1817 713 1866 fortunus
722 1833 774 1882 pros

103 1882 179 1945 posite
189 1882 218 1929 sit
228 1881 275 1929 vite
285 1890 377 1936 nostre3
394 1895 470 1944 neque
480 1896 529 1929 esse
542 1882 705 1943 recusandum,
717 1898 775 1947 quo·

103 1945 182 1993 minus
201 1945 237 2005 ei„
259 1944 307 2007 qui
328 1945 377 1992 nati
398 1960 486 2004 sumus,
504 1946 633 1994 conditione
654 1947 775 2005 vivamus

103 2012 161 2058 neve
172 2017 221 2057 tam
230 2009 329 2073 graviter
339 2025 376 2057 eos
384 2024 450 2057 cesus
460 2009 569 2070 feramus,
581 2025 639 2074 quos
648 2011 716 2059 nullo
722 2026 775 2060 oon-

103 2072 155 2121 silio
169 2074 241 2122 vitare
257 2073 385 2138 possimus3
403 2073 535 2136 eventisque
549 2075 648 2122 aliorum
662 2075 776 2125 memorii

104 2138 241 2201 repetendis,
252 2139 312 2186 nihil
319 2138 425 2186 accidisse
435 2138 501 2186 nobis
511 2139 566 2187 novi
576 2139 710 2202 cogitemus.
772 2197 777 2204 ¹

137 2203 222 2265 Neque
231 2202 276 2262 hae,
288 2217 363 2266 neque
379 2212 465 2250 oeterae
475 2203 647 2262 oonsohfiones,
658 2220 713 2268 quae
723 2211 777 2252 sunt

105 2281 121 2314 α
130 2281 156 2313 sa
171 2266 303 2314 ientissimis
313 2267 367 2315 viris
381 2273 505 2329 usuipatae,
522 2267 686 2332 memoriisque
698 2267 777 2325 ,liten's

104 2282 209 2394 psotgue,
220 2338 312 2378 tentum
322 2330 429 2379 videntur
439 2330 548 2393 proficere
557 2331 648 2392 debere,
660 2341 776 2396 quantum

104 2402 178 2444 stetui
188 2394 237 2458 ipse
247 2403 330 2442 nostrae
340 2394 445 2451 euntis,
454 2402 476 2442 et
482 2393 531 2442 haec
538 2396 635 2458 prolatio
646 2405 779 2460 temporum

105 2458 263 2524 perditorum
280 2473 336 2507 cum
354 2458 478 2507 beatissimi
495 2459 550 2518 sint,
565 2461 607 2524 qui
627 2460 713 2509 liberos
730 2475 778 2510 non

106 2532 269 2588 suscepensnt3
285 2521 363 2570 minus
377 2531 456 2570 eutem
466 2523 554 2583 miseri,
569 2525 610 2588 qui
620 2524 657 2573 his
667 2524 778 2590 temporis

100 2589 147 2638 tm
156 2589 294 2647 emiserunt,
309 2586 412 2653 quamsi
425 2587 515 2636 eosdem
532 2589 603 2648 bon&
619 2598 661 2638 sut
676 2588 778 2653 denique

93 2653 189 2720 situas,
197 2654 323 2724 republicis
332 2650 496 2721 peiiiiimnt
773 2668 776 2675 ¹
