<?xml version="1.0" encoding="UTF-8"?>
<!DOCTYPE html PUBLIC "-//W3C//DTD XHTML 1.0 Transitional//EN"
    "http://www.w3.org/TR/xhtml1/DTD/xhtml1-transitional.dtd">
<html xmlns="http://www.w3.org/1999/xhtml" xml:lang="en" lang="en">
 <head>
  <title>
</title>
<meta http-equiv="Content-Type" content="text/html;charset=utf-8" />
  <meta name='ocr-system' content='tesseract 3.04.00' />
  <meta name='ocr-capabilities' content='ocr_page ocr_carea ocr_par ocr_line ocrx_word'/>
</head>
<body>
  <div class='ocr_page' id='page_1' title='image "./operaexeditioni00cicegoog_0117.png"; bbox 0 0 1650 2948; ppageno 0'>
   <div class='ocr_carea' id='block_1_1' title="bbox 95 120 642 208">
    <p class='ocr_par' dir='ltr' id='par_1_1' title="bbox 95 120 642 208">
     <span class='ocr_line' id='line_1_1' title="bbox 95 120 642 208; baseline -0.009 0"><span class='ocrx_word' id='word_1_1' title='bbox 95 161 128 208; x_wconf 76' lang='lat' dir='ltr'><strong>oo</strong></span> <span class='ocrx_word' id='word_1_2' title='bbox 219 160 269 208; x_wconf 80' lang='lat' dir='ltr'><strong>AD</strong></span> <span class='ocrx_word' id='word_1_3' title='bbox 286 158 462 207; x_wconf 74' lang='lat' dir='ltr'><strong>mvmrsos.</strong></span> <span class='ocrx_word' id='word_1_4' title='bbox 478 154 538 205; x_wconf 69' lang='lat' dir='ltr'><strong>mn.</strong></span> <span class='ocrx_word' id='word_1_5' title='bbox 555 120 605 207; x_wconf 59' lang='grc' dir='ltr'><strong>ΝΞ</strong></span> <span class='ocrx_word' id='word_1_6' title='bbox 619 158 642 204; x_wconf 81' lang='lat' dir='ltr'><strong>e.</strong></span> 
     </span>
    </p>
   </div>
   <div class='ocr_carea' id='block_1_2' title="bbox 92 282 764 788">
    <p class='ocr_par' dir='ltr' id='par_1_2' title="bbox 92 282 764 788">
     <span class='ocr_line' id='line_1_2' title="bbox 95 282 763 352; baseline -0.009 -16"><span class='ocrx_word' id='word_1_7' title='bbox 95 305 140 352; x_wconf 90' lang='lat' dir='ltr'><strong>que</strong></span> <span class='ocrx_word' id='word_1_8' title='bbox 151 305 179 337; x_wconf 82' lang='lat' dir='ltr'><strong>ex</strong></span> <span class='ocrx_word' id='word_1_9' title='bbox 190 288 218 337; x_wconf 67' lang='lat' dir='ltr'><strong>ei</strong></span> <span class='ocrx_word' id='word_1_10' title='bbox 225 305 250 337; x_wconf 84' lang='lat' dir='ltr'><strong>re</strong></span> <span class='ocrx_word' id='word_1_11' title='bbox 262 297 286 336; x_wconf 87' lang='lat' dir='ltr'><strong>te</strong></span> <span class='ocrx_word' id='word_1_12' title='bbox 296 288 389 335; x_wconf 82' lang='lat' dir='ltr'><strong>laudem</strong></span> <span class='ocrx_word' id='word_1_13' title='bbox 406 286 493 350; x_wconf 78' lang='lat' dir='ltr'><strong>apisci:</strong></span> <span class='ocrx_word' id='word_1_14' title='bbox 510 285 547 334; x_wconf 78' lang='lat' dir='ltr'><strong>fae</strong></span> <span class='ocrx_word' id='word_1_15' title='bbox 559 282 686 349; x_wconf 75' lang='lat' dir='ltr'><strong>aliquando</strong></span> <span class='ocrx_word' id='word_1_16' title='bbox 694 286 763 336; x_wconf 75' lang='lat' dir='ltr'><strong>intel.</strong></span> 
     </span>
     <span class='ocr_line' id='line_1_3' title="bbox 93 350 763 416; baseline -0.004 -14"><span class='ocrx_word' id='word_1_17' title='bbox 93 354 202 416; x_wconf 83' lang='lat' dir='ltr'><strong>ligamus,</strong></span> <span class='ocrx_word' id='word_1_18' title='bbox 214 353 331 402; x_wconf 74' lang='lat' dir='ltr'><strong>adversam</strong></span> <span class='ocrx_word' id='word_1_19' title='bbox 341 366 434 416; x_wconf 90' lang='lat' dir='ltr'><strong>quoque</strong></span> <span class='ocrx_word' id='word_1_20' title='bbox 444 361 467 398; x_wconf 85' lang='lat' dir='ltr'><strong>te</strong></span> <span class='ocrx_word' id='word_1_21' title='bbox 482 366 547 413; x_wconf 84' lang='lat' dir='ltr'><strong>aeque</strong></span> <span class='ocrx_word' id='word_1_22' title='bbox 554 350 614 398; x_wconf 84' lang='lat' dir='ltr'><strong>ferre</strong></span> <span class='ocrx_word' id='word_1_23' title='bbox 623 365 704 414; x_wconf 60' lang='grc' dir='ltr'><strong>μεως</strong></span> <span class='ocrx_word' id='word_1_24' title='bbox 720 366 763 401; x_wconf 85' lang='lat' dir='ltr'><strong>ne-</strong></span> 
     </span>
     <span class='ocr_line' id='line_1_4' title="bbox 94 414 763 482; baseline 0 -18"><span class='ocrx_word' id='word_1_25' title='bbox 94 434 141 482; x_wconf 89' lang='lat' dir='ltr'><strong>que</strong></span> <span class='ocrx_word' id='word_1_26' title='bbox 151 419 176 466; x_wconf 88' lang='lat' dir='ltr'><strong>id</strong></span> <span class='ocrx_word' id='word_1_27' title='bbox 186 420 269 479; x_wconf 81' lang='lat' dir='ltr'><strong>majus,</strong></span> <span class='ocrx_word' id='word_1_28' title='bbox 280 431 352 480; x_wconf 84' lang='lat' dir='ltr'><strong>quam</strong></span> <span class='ocrx_word' id='word_1_29' title='bbox 362 416 453 474; x_wconf 85' lang='lat' dir='ltr'><strong>debeat,</strong></span> <span class='ocrx_word' id='word_1_30' title='bbox 464 416 507 462; x_wconf 81' lang='lat' dir='ltr'><strong>tibi</strong></span> <span class='ocrx_word' id='word_1_31' title='bbox 517 430 575 462; x_wconf 89' lang='lat' dir='ltr'><strong>onus</strong></span> <span class='ocrx_word' id='word_1_32' title='bbox 584 414 670 471; x_wconf 75' lang='lat' dir='ltr'><strong>videri3</strong></span> <span class='ocrx_word' id='word_1_33' title='bbox 688 430 718 464; x_wconf 89' lang='lat' dir='ltr'><strong>ne</strong></span> <span class='ocrx_word' id='word_1_34' title='bbox 732 432 763 466; x_wconf 88' lang='lat' dir='ltr'><strong>ex</strong></span> 
     </span>
     <span class='ocr_line' id='line_1_5' title="bbox 94 479 762 530; baseline 0 0"><span class='ocrx_word' id='word_1_35' title='bbox 94 483 201 530; x_wconf 89' lang='lat' dir='ltr'><strong>omnibus</strong></span> <span class='ocrx_word' id='word_1_36' title='bbox 220 482 342 529; x_wconf 80' lang='lat' dir='ltr'><strong>virtutibus</strong></span> <span class='ocrx_word' id='word_1_37' title='bbox 361 481 410 527; x_wconf 86' lang='lat' dir='ltr'><strong>haec</strong></span> <span class='ocrx_word' id='word_1_38' title='bbox 427 496 474 526; x_wconf 86' lang='lat' dir='ltr'><strong>una</strong></span> <span class='ocrx_word' id='word_1_39' title='bbox 493 479 535 526; x_wconf 82' lang='lat' dir='ltr'><strong>tibi</strong></span> <span class='ocrx_word' id='word_1_40' title='bbox 554 479 659 526; x_wconf 80' lang='lat' dir='ltr'><strong>videatur</strong></span> <span class='ocrx_word' id='word_1_41' title='bbox 677 481 762 530; x_wconf 76' lang='lat' dir='ltr'><strong>deesse.</strong></span> 
     </span>
     <span class='ocr_line' id='line_1_6' title="bbox 94 544 763 606; baseline 0 -12"><span class='ocrx_word' id='word_1_42' title='bbox 94 547 165 605; x_wconf 85' lang='lat' dir='ltr'><strong>Quod</strong></span> <span class='ocrx_word' id='word_1_43' title='bbox 179 547 208 594; x_wconf 81' lang='lat' dir='ltr'><strong>cd</strong></span> <span class='ocrx_word' id='word_1_44' title='bbox 225 562 263 594; x_wconf 91' lang='lat' dir='ltr'><strong>me</strong></span> <span class='ocrx_word' id='word_1_45' title='bbox 276 546 365 602; x_wconf 85' lang='lat' dir='ltr'><strong>attinet,</strong></span> <span class='ocrx_word' id='word_1_46' title='bbox 382 560 435 591; x_wconf 90' lang='lat' dir='ltr'><strong>curn</strong></span> <span class='ocrx_word' id='word_1_47' title='bbox 449 553 471 592; x_wconf 76' lang='lat' dir='ltr'><strong>te</strong></span> <span class='ocrx_word' id='word_1_48' title='bbox 484 544 667 606; x_wconf 80' lang='lat' dir='ltr'>tranquilliorem</span> <span class='ocrx_word' id='word_1_49' title='bbox 684 546 763 594; x_wconf 80' lang='lat' dir='ltr'><strong>animo</strong></span> 
     </span>
     <span class='ocr_line' id='line_1_7' title="bbox 93 609 764 674; baseline -0.007 -16"><span class='ocrx_word' id='word_1_50' title='bbox 93 626 142 658; x_wconf 86' lang='lat' dir='ltr'><strong>esse</strong></span> <span class='ocrx_word' id='word_1_51' title='bbox 152 613 258 674; x_wconf 75' lang='lat' dir='ltr'><strong>cognoro,</strong></span> <span class='ocrx_word' id='word_1_52' title='bbox 269 611 298 658; x_wconf 93' lang='lat' dir='ltr'><strong>de</strong></span> <span class='ocrx_word' id='word_1_53' title='bbox 314 609 342 656; x_wconf 89' lang='lat' dir='ltr'><strong>iis</strong></span> <span class='ocrx_word' id='word_1_54' title='bbox 353 611 420 656; x_wconf 86' lang='lat' dir='ltr'><strong>rebus</strong></span> <span class='ocrx_word' id='word_1_55' title='bbox 431 624 484 672; x_wconf 83' lang='lat' dir='ltr'><strong>quae</strong></span> <span class='ocrx_word' id='word_1_56' title='bbox 497 609 537 655; x_wconf 87' lang='lat' dir='ltr'><strong>hic</strong></span> <span class='ocrx_word' id='word_1_57' title='bbox 547 616 668 670; x_wconf 82' lang='lat' dir='ltr'><strong>geruntur,</strong></span> <span class='ocrx_word' id='word_1_58' title='bbox 680 625 764 673; x_wconf 84' lang='lat' dir='ltr'><strong>quem.</strong></span> 
     </span>
     <span class='ocr_line' id='line_1_8' title="bbox 93 671 762 787; baseline -0.007 -63"><span class='ocrx_word' id='word_1_59' title='bbox 93 673 265 787; x_wconf 33' lang='lat' dir='ltr'><strong>adhucdumque</strong></span> <span class='ocrx_word' id='word_1_60' title='bbox 276 689 300 722; x_wconf 83' lang='lat' dir='ltr'><strong>ee</strong></span> <span class='ocrx_word' id='word_1_61' title='bbox 310 673 426 738; x_wconf 77' lang='lat' dir='ltr'><strong>provincie</strong></span> <span class='ocrx_word' id='word_1_62' title='bbox 435 673 527 733; x_wconf 80' lang='lat' dir='ltr'><strong>hebeat,</strong></span> <span class='ocrx_word' id='word_1_63' title='bbox 538 671 658 720; x_wconf 80' lang='lat' dir='ltr'><strong>certiorem</strong></span> <span class='ocrx_word' id='word_1_64' title='bbox 670 673 762 724; x_wconf 72' lang='lat' dir='ltr'><strong>facim</strong></span> 
     </span>
     <span class='ocr_line' id='line_1_9' title="bbox 92 755 160 788; baseline 0 0"><span class='ocrx_word' id='word_1_65' title='bbox 92 765 96 772; x_wconf 94' lang='lat'><em>·</em></span> <span class='ocrx_word' id='word_1_66' title='bbox 140 755 160 788; x_wconf 84' lang='lat' dir='ltr'><strong>e.</strong></span> 
     </span>
    </p>
   </div>
   <div class='ocr_carea' id='block_1_3' title="bbox 146 925 704 993">
    <p class='ocr_par' dir='ltr' id='par_1_3' title="bbox 146 925 704 993">
     <span class='ocr_line' id='line_1_10' title="bbox 146 925 704 993; baseline -0.002 -17"><span class='ocrx_word' id='word_1_67' title='bbox 146 927 197 993; x_wconf 83' lang='lat'><strong>(6.)</strong></span> <span class='ocrx_word' id='word_1_68' title='bbox 221 928 258 977; x_wconf 89' lang='lat' dir='ltr'><strong>M.</strong></span> <span class='ocrx_word' id='word_1_69' title='bbox 270 928 301 976; x_wconf 83' lang='lat' dir='ltr'><strong>T.</strong></span> <span class='ocrx_word' id='word_1_70' title='bbox 313 928 341 977; x_wconf 82' lang='lat' dir='ltr'><strong>C.</strong></span> <span class='ocrx_word' id='word_1_71' title='bbox 358 928 382 978; x_wconf 90' lang='lat' dir='ltr'><strong>S.</strong></span> <span class='ocrx_word' id='word_1_72' title='bbox 393 927 426 975; x_wconf 91' lang='lat' dir='ltr'><strong>D.</strong></span> <span class='ocrx_word' id='word_1_73' title='bbox 444 926 515 975; x_wconf 82' lang='lat' dir='ltr'><strong>SER.</strong></span> <span class='ocrx_word' id='word_1_74' title='bbox 532 925 704 975; x_wconf 81' lang='lat' dir='ltr'><strong>SULPIGIO.</strong></span> 
     </span>
    </p>
   </div>
   <div class='ocr_carea' id='block_1_4' title="bbox 52 1055 774 2739">
    <p class='ocr_par' dir='ltr' id='par_1_4' title="bbox 89 1055 761 1379">
     <span class='ocr_line' id='line_1_11' title="bbox 124 1055 759 1121; baseline 0.003 -19"><span class='ocrx_word' id='word_1_75' title='bbox 124 1056 318 1117; x_wconf 82' lang='lat' dir='ltr'><em>(Argumentum.</em></span> <span class='ocrx_word' id='word_1_76' title='bbox 324 1087 358 1098; x_wconf 89' lang='lat'><em>-</em></span> <span class='ocrx_word' id='word_1_77' title='bbox 366 1057 498 1121; x_wconf 76' lang='lat' dir='ltr'><strong>Respondet</strong></span> <span class='ocrx_word' id='word_1_78' title='bbox 508 1055 634 1105; x_wconf 75' lang='lat' dir='ltr'><strong>consolanti</strong></span> <span class='ocrx_word' id='word_1_79' title='bbox 646 1055 759 1120; x_wconf 81' lang='lat' dir='ltr'><strong>Sulpicio,</strong></span> 
     </span>
     <span class='ocr_line' id='line_1_12' title="bbox 90 1120 760 1183; baseline 0.004 -17"><span class='ocrx_word' id='word_1_80' title='bbox 90 1128 183 1182; x_wconf 80' lang='lat' dir='ltr'><strong>gratum</strong></span> <span class='ocrx_word' id='word_1_81' title='bbox 197 1121 240 1168; x_wconf 88' lang='lat' dir='ltr'>sibi</span> <span class='ocrx_word' id='word_1_82' title='bbox 255 1122 304 1181; x_wconf 86' lang='lat' dir='ltr'><strong>ejus</strong></span> <span class='ocrx_word' id='word_1_83' title='bbox 319 1121 420 1169; x_wconf 86' lang='lat' dir='ltr'><strong>officium</strong></span> <span class='ocrx_word' id='word_1_84' title='bbox 433 1121 512 1180; x_wconf 81' lang='lat' dir='ltr'><strong>fuisse,</strong></span> <span class='ocrx_word' id='word_1_85' title='bbox 527 1135 569 1168; x_wconf 86' lang='lat' dir='ltr'><strong>nec</strong></span> <span class='ocrx_word' id='word_1_86' title='bbox 582 1121 608 1167; x_wconf 93' lang='lat' dir='ltr'><strong>id</strong></span> <span class='ocrx_word' id='word_1_87' title='bbox 622 1121 708 1183; x_wconf 82' lang='lat' dir='ltr'><strong>exiguo</strong></span> <span class='ocrx_word' id='word_1_88' title='bbox 718 1120 760 1169; x_wconf 84' lang='lat' dir='ltr'><strong>do-</strong></span> 
     </span>
     <span class='ocr_line' id='line_1_13' title="bbox 91 1183 761 1250; baseline 0.004 -20"><span class='ocrx_word' id='word_1_89' title='bbox 91 1183 145 1231; x_wconf 80' lang='lat' dir='ltr'><strong>loris</strong></span> <span class='ocrx_word' id='word_1_90' title='bbox 159 1184 301 1232; x_wconf 75' lang='lat' dir='ltr'><strong>levamenmr</strong></span> <span class='ocrx_word' id='word_1_91' title='bbox 319 1185 407 1232; x_wconf 88' lang='lat' dir='ltr'><strong>nemini</strong></span> <span class='ocrx_word' id='word_1_92' title='bbox 421 1201 482 1244; x_wconf 84' lang='lat' dir='ltr'><strong>vero,</strong></span> <span class='ocrx_word' id='word_1_93' title='bbox 498 1199 570 1250; x_wconf 84' lang='lat' dir='ltr'><strong>quem</strong></span> <span class='ocrx_word' id='word_1_94' title='bbox 586 1185 639 1243; x_wconf 83' lang='lat' dir='ltr'><strong>eibi,</strong></span> <span class='ocrx_word' id='word_1_95' title='bbox 653 1185 761 1246; x_wconf 74' lang='lat' dir='ltr'><strong>justiore·</strong></span> 
     </span>
     <span class='ocr_line' id='line_1_14' title="bbox 89 1247 760 1298; baseline 0.006 -3"><span class='ocrx_word' id='word_1_96' title='bbox 89 1247 183 1296; x_wconf 89' lang='lat' dir='ltr'><strong>dolendi</strong></span> <span class='ocrx_word' id='word_1_97' title='bbox 193 1263 272 1296; x_wconf 77' lang='lat' dir='ltr'><strong>causas</strong></span> <span class='ocrx_word' id='word_1_98' title='bbox 281 1248 366 1296; x_wconf 81' lang='lat' dir='ltr'><strong>fuisse:</strong></span> <span class='ocrx_word' id='word_1_99' title='bbox 382 1250 511 1297; x_wconf 80' lang='lat' dir='ltr'><strong>maximam</strong></span> <span class='ocrx_word' id='word_1_100' title='bbox 522 1258 599 1297; x_wconf 72' lang='lat' dir='ltr'><strong>tamen</strong></span> <span class='ocrx_word' id='word_1_101' title='bbox 610 1249 654 1297; x_wconf 86' lang='lat' dir='ltr'><strong>sibi</strong></span> <span class='ocrx_word' id='word_1_102' title='bbox 664 1249 760 1298; x_wconf 74' lang='lat' dir='ltr'><strong>levario·</strong></span> 
     </span>
     <span class='ocr_line' id='line_1_15' title="bbox 90 1311 661 1379; baseline 0.005 -20"><span class='ocrx_word' id='word_1_103' title='bbox 90 1325 144 1360; x_wconf 88' lang='lat' dir='ltr'><strong>nem</strong></span> <span class='ocrx_word' id='word_1_104' title='bbox 154 1328 184 1360; x_wconf 85' lang='lat' dir='ltr'><strong>err</strong></span> <span class='ocrx_word' id='word_1_105' title='bbox 194 1313 269 1361; x_wconf 83' lang='lat' dir='ltr'><strong>reditu</strong></span> <span class='ocrx_word' id='word_1_106' title='bbox 279 1321 302 1361; x_wconf 82' lang='lat' dir='ltr'><strong>et</strong></span> <span class='ocrx_word' id='word_1_107' title='bbox 312 1314 475 1362; x_wconf 75' lang='lat' dir='ltr'><strong>consuetudine</strong></span> <span class='ocrx_word' id='word_1_108' title='bbox 485 1313 581 1379; x_wconf 84' lang='lat' dir='ltr'><strong>Sulpicii</strong></span> <span class='ocrx_word' id='word_1_109' title='bbox 591 1311 661 1375; x_wconf 82' lang='lat' dir='ltr'><strong>fore.)</strong></span> 
     </span>
    </p>

    <p class='ocr_par' dir='ltr' id='par_1_5' title="bbox 79 1440 774 2613">
     <span class='ocr_line' id='line_1_16' title="bbox 121 1440 757 1507; baseline 0.005 -18"><span class='ocrx_word' id='word_1_110' title='bbox 121 1440 174 1505; x_wconf 81' lang='lat' dir='ltr'><strong>Ego</strong></span> <span class='ocrx_word' id='word_1_111' title='bbox 184 1457 245 1501; x_wconf 83' lang='lat' dir='ltr'><strong>vero,</strong></span> <span class='ocrx_word' id='word_1_112' title='bbox 255 1442 327 1503; x_wconf 77' lang='lat' dir='ltr'><strong>Servi,</strong></span> <span class='ocrx_word' id='word_1_113' title='bbox 339 1443 430 1501; x_wconf 82' lang='lat' dir='ltr'><strong>vellem,</strong></span> <span class='ocrx_word' id='word_1_114' title='bbox 439 1452 466 1491; x_wconf 86' lang='lat' dir='ltr'><strong>ut</strong></span> <span class='ocrx_word' id='word_1_115' title='bbox 474 1442 560 1503; x_wconf 77' lang='lat' dir='ltr'><strong>scribis,</strong></span> <span class='ocrx_word' id='word_1_116' title='bbox 571 1443 596 1490; x_wconf 89' lang='lat' dir='ltr'><strong>in</strong></span> <span class='ocrx_word' id='word_1_117' title='bbox 607 1457 660 1491; x_wconf 85' lang='lat' dir='ltr'><strong>meo</strong></span> <span class='ocrx_word' id='word_1_118' title='bbox 670 1444 757 1507; x_wconf 71' lang='lat' dir='ltr'><strong>gravie-</strong></span> 
     </span>
     <span class='ocr_line' id='line_1_17' title="bbox 87 1505 774 1570; baseline 0.004 -16"><span class='ocrx_word' id='word_1_119' title='bbox 87 1505 148 1555; x_wconf 78' lang='lat' dir='ltr'><strong>eimo</strong></span> <span class='ocrx_word' id='word_1_120' title='bbox 158 1523 212 1556; x_wconf 74' lang='lat' dir='ltr'><strong>casu</strong></span> <span class='ocrx_word' id='word_1_121' title='bbox 223 1507 333 1556; x_wconf 79' lang='lat' dir='ltr'><strong>affuisses.</strong></span> <span class='ocrx_word' id='word_1_122' title='bbox 350 1509 472 1567; x_wconf 85' lang='lat' dir='ltr'><strong>Quantum</strong></span> <span class='ocrx_word' id='word_1_123' title='bbox 487 1508 549 1555; x_wconf 85' lang='lat' dir='ltr'><strong>enim</strong></span> <span class='ocrx_word' id='word_1_124' title='bbox 559 1522 659 1570; x_wconf 80' lang='lat' dir='ltr'><strong>praesem</strong></span> <span class='ocrx_word' id='word_1_125' title='bbox 668 1522 708 1556; x_wconf 89' lang='lat' dir='ltr'><strong>me</strong></span> <span class='ocrx_word' id='word_1_126' title='bbox 717 1509 774 1561; x_wconf 67' lang='grc' dir='ltr'><strong>ιὰ..</strong></span> 
     </span>
     <span class='ocr_line' id='line_1_18' title="bbox 87 1572 757 1700; baseline 0.006 -18"><span class='ocrx_word' id='word_1_127' title='bbox 87 1572 641 1699; x_wconf 50' lang='lat' dir='ltr'><strong>{xdoerdffdgfflddrr‘ffim‘</strong></span> <span class='ocrx_word' id='word_1_128' title='bbox 648 1572 757 1700; x_wconf 56' lang='lat' dir='ltr'><strong>‘iffi’</strong></span> 
     </span>
     <span class='ocr_line' id='line_1_19' title="bbox 88 1653 756 1765; baseline 0.004 -18"><span class='ocrx_word' id='word_1_129' title='bbox 88 1701 255 1764; x_wconf 66' lang='lat' dir='ltr'><strong>tumaeqoevi</strong></span> <span class='ocrx_word' id='word_1_130' title='bbox 270 1653 756 1765; x_wconf 67' lang='lat' dir='ltr'><strong>Namitqeasc&#39;ripsisti‚quaelevaie1uctum</strong></span> 
     </span>
     <span class='ocr_line' id='line_1_20' title="bbox 87 1765 757 1830; baseline 0.003 -18"><span class='ocrx_word' id='word_1_131' title='bbox 87 1772 194 1826; x_wconf 70' lang='lat' dir='ltr'><strong>possent3</strong></span> <span class='ocrx_word' id='word_1_132' title='bbox 212 1774 242 1823; x_wconf 80' lang='lat' dir='ltr'><strong>et,</strong></span> <span class='ocrx_word' id='word_1_133' title='bbox 254 1765 279 1810; x_wconf 90' lang='lat' dir='ltr'><strong>in</strong></span> <span class='ocrx_word' id='word_1_134' title='bbox 289 1780 328 1812; x_wconf 91' lang='lat' dir='ltr'><strong>me</strong></span> <span class='ocrx_word' id='word_1_135' title='bbox 342 1765 486 1824; x_wconf 77' lang='lat' dir='ltr'><strong>consolando,</strong></span> <span class='ocrx_word' id='word_1_136' title='bbox 498 1780 545 1813; x_wconf 88' lang='lat' dir='ltr'><strong>non</strong></span> <span class='ocrx_word' id='word_1_137' title='bbox 555 1765 694 1813; x_wconf 84' lang='lat' dir='ltr'><strong>mediocrem</strong></span> <span class='ocrx_word' id='word_1_138' title='bbox 707 1766 757 1830; x_wconf 70' lang='lat' dir='ltr'><strong>ipse</strong></span> 
     </span>
     <span class='ocr_line' id='line_1_21' title="bbox 87 1828 757 1891; baseline 0.006 -17"><span class='ocrx_word' id='word_1_139' title='bbox 87 1828 160 1875; x_wconf 80' lang='lat' dir='ltr'><strong>animi</strong></span> <span class='ocrx_word' id='word_1_140' title='bbox 174 1828 275 1875; x_wconf 88' lang='lat' dir='ltr'><strong>dolorem</strong></span> <span class='ocrx_word' id='word_1_141' title='bbox 288 1829 420 1876; x_wconf 77' lang='lat' dir='ltr'><strong>adhibuisti.</strong></span> <span class='ocrx_word' id='word_1_142' title='bbox 437 1829 529 1877; x_wconf 82' lang='lat' dir='ltr'><strong>Servius</strong></span> <span class='ocrx_word' id='word_1_143' title='bbox 540 1838 618 1877; x_wconf 78' lang='lat' dir='ltr'><strong>temen</strong></span> <span class='ocrx_word' id='word_1_144' title='bbox 628 1837 692 1888; x_wconf 77' lang='lat' dir='ltr'>tuus,</span> <span class='ocrx_word' id='word_1_145' title='bbox 706 1846 757 1891; x_wconf 86' lang='lat' dir='ltr'><strong>om·</strong></span> 
     </span>
     <span class='ocr_line' id='line_1_22' title="bbox 87 1891 756 1957; baseline 0.007 -19"><span class='ocrx_word' id='word_1_146' title='bbox 87 1891 155 1938; x_wconf 74' lang='lat' dir='ltr'><strong>nibus</strong></span> <span class='ocrx_word' id='word_1_147' title='bbox 166 1892 245 1940; x_wconf 84' lang='lat' dir='ltr'><strong>officiis</strong></span> <span class='ocrx_word' id='word_1_148' title='bbox 259 1908 312 1956; x_wconf 80' lang='lat' dir='ltr'><strong>quae</strong></span> <span class='ocrx_word' id='word_1_149' title='bbox 328 1893 363 1939; x_wconf 86' lang='lat' dir='ltr'><strong>illi</strong></span> <span class='ocrx_word' id='word_1_150' title='bbox 378 1893 475 1956; x_wconf 82' lang='lat' dir='ltr'><strong>tempori</strong></span> <span class='ocrx_word' id='word_1_151' title='bbox 484 1894 557 1941; x_wconf 78' lang='lat' dir='ltr'><strong>tribui</strong></span> <span class='ocrx_word' id='word_1_152' title='bbox 570 1902 704 1957; x_wconf 78' lang='lat' dir='ltr'><strong>potuerunt,</strong></span> <span class='ocrx_word' id='word_1_153' title='bbox 715 1895 756 1943; x_wconf 81' lang='lat' dir='ltr'><strong>de·</strong></span> 
     </span>
     <span class='ocr_line' id='line_1_23' title="bbox 86 1955 756 2022; baseline 0.009 -20"><span class='ocrx_word' id='word_1_154' title='bbox 86 1955 188 2014; x_wconf 77' lang='lat' dir='ltr'><strong>claravit,</strong></span> <span class='ocrx_word' id='word_1_155' title='bbox 207 1966 232 2004; x_wconf 88' lang='lat' dir='ltr'><strong>et</strong></span> <span class='ocrx_word' id='word_1_156' title='bbox 248 1957 329 2020; x_wconf 81' lang='lat' dir='ltr'><strong>quanti</strong></span> <span class='ocrx_word' id='word_1_157' title='bbox 341 1957 391 2021; x_wconf 87' lang='lat' dir='ltr'><strong>ipse</strong></span> <span class='ocrx_word' id='word_1_158' title='bbox 403 1973 441 2005; x_wconf 92' lang='lat' dir='ltr'><strong>me</strong></span> <span class='ocrx_word' id='word_1_159' title='bbox 455 1957 546 2017; x_wconf 74' lang='lat' dir='ltr'><strong>faceret,</strong></span> <span class='ocrx_word' id='word_1_160' title='bbox 560 1967 583 2006; x_wconf 90' lang='lat' dir='ltr'><strong>et</strong></span> <span class='ocrx_word' id='word_1_161' title='bbox 598 1973 670 2022; x_wconf 77' lang='lat' dir='ltr'><strong>quem</strong></span> <span class='ocrx_word' id='word_1_162' title='bbox 685 1975 756 2008; x_wconf 77' lang='lat' dir='ltr'><strong>cuum</strong></span> 
     </span>
     <span class='ocr_line' id='line_1_24' title="bbox 83 2019 753 2085; baseline 0.007 -18"><span class='ocrx_word' id='word_1_163' title='bbox 83 2019 156 2083; x_wconf 70' lang='lat' dir='ltr'><strong>mem</strong></span> <span class='ocrx_word' id='word_1_164' title='bbox 175 2036 229 2084; x_wconf 78' lang='lat' dir='ltr'><strong>erga</strong></span> <span class='ocrx_word' id='word_1_165' title='bbox 241 2036 280 2069; x_wconf 84' lang='lat' dir='ltr'><strong>mc</strong></span> <span class='ocrx_word' id='word_1_166' title='bbox 294 2022 399 2069; x_wconf 83' lang='lat' dir='ltr'><strong>ariimum</strong></span> <span class='ocrx_word' id='word_1_167' title='bbox 416 2023 460 2069; x_wconf 88' lang='lat' dir='ltr'><strong>tibi</strong></span> <span class='ocrx_word' id='word_1_168' title='bbox 475 2032 568 2085; x_wconf 74' lang='lat' dir='ltr'><strong>gratum</strong></span> <span class='ocrx_word' id='word_1_169' title='bbox 581 2032 673 2085; x_wconf 67' lang='lat' dir='ltr'><strong>putaret</strong></span> <span class='ocrx_word' id='word_1_170' title='bbox 688 2023 753 2072; x_wconf 71' lang='lat' dir='ltr'><strong>force</strong></span> 
     </span>
     <span class='ocr_line' id='line_1_25' title="bbox 85 2084 752 2162; baseline 0.009 -32"><span class='ocrx_word' id='word_1_171' title='bbox 85 2084 152 2145; x_wconf 83' lang='lat' dir='ltr'><strong>cujus</strong></span> <span class='ocrx_word' id='word_1_172' title='bbox 161 2085 235 2134; x_wconf 80' lang='lat' dir='ltr'><strong>officie</strong></span> <span class='ocrx_word' id='word_1_173' title='bbox 243 2087 381 2162; x_wconf 71' lang='lat' dir='ltr'><strong>jucundiora</strong></span> <span class='ocrx_word' id='word_1_174' title='bbox 388 2086 484 2147; x_wconf 85' lang='lat' dir='ltr'><strong>[scilicet</strong></span> <span class='ocrx_word' id='word_1_175' title='bbox 490 2102 550 2150; x_wconf 83' lang='lat' dir='ltr'><strong>eaepe</strong></span> <span class='ocrx_word' id='word_1_176' title='bbox 560 2087 619 2134; x_wconf 89' lang='lat' dir='ltr'><strong>mihi</strong></span> <span class='ocrx_word' id='word_1_177' title='bbox 627 2086 723 2136; x_wconf 81' lang='lat' dir='ltr'><strong>fuerunt</strong></span> <span class='ocrx_word' id='word_1_178' title='bbox 730 2089 752 2153; x_wconf 66' lang='grc' dir='ltr'><strong>ς]</strong></span> 
     </span>
     <span class='ocr_line' id='line_1_26' title="bbox 84 2158 754 2276; baseline 0.01 -17"><span class='ocrx_word' id='word_1_179' title='bbox 84 2158 437 2264; x_wconf 44' lang='lat' dir='ltr'><strong>nudieuidteffddngdardddmm</strong></span> <span class='ocrx_word' id='word_1_180' title='bbox 449 2216 533 2276; x_wconf 79' lang='lat' dir='ltr'><strong>colum,</strong></span> <span class='ocrx_word' id='word_1_181' title='bbox 549 2225 572 2264; x_wconf 90' lang='lat' dir='ltr'><strong>et</strong></span> <span class='ocrx_word' id='word_1_182' title='bbox 582 2216 677 2265; x_wconf 76' lang='lat' dir='ltr'><strong>societas</strong></span> <span class='ocrx_word' id='word_1_183' title='bbox 739 2232 754 2266; x_wconf 83' lang='lat' dir='ltr'><strong>e</strong></span> 
     </span>
     <span class='ocr_line' id='line_1_27' title="bbox 83 2277 753 2346; baseline 0.006 -21"><span class='ocrx_word' id='word_1_184' title='bbox 83 2277 232 2340; x_wconf 71' lang='lat' dir='ltr'><strong>egritudinis,</strong></span> <span class='ocrx_word' id='word_1_185' title='bbox 244 2279 284 2326; x_wconf 79' lang='lat' dir='ltr'><strong>sed</strong></span> <span class='ocrx_word' id='word_1_186' title='bbox 297 2279 365 2327; x_wconf 78' lang='lat' dir='ltr'><strong>etiam</strong></span> <span class='ocrx_word' id='word_1_187' title='bbox 376 2280 504 2345; x_wconf 52' lang='lat' dir='ltr'><strong>auctoritas,</strong></span> <span class='ocrx_word' id='word_1_188' title='bbox 519 2282 657 2328; x_wconf 76' lang='lat' dir='ltr'><strong>consoletur.</strong></span> <span class='ocrx_word' id='word_1_189' title='bbox 697 2296 753 2346; x_wconf 81' lang='lat' dir='ltr'><strong>urpe</strong></span> 
     </span>
     <span class='ocr_line' id='line_1_28' title="bbox 83 2341 751 2405; baseline 0.006 -17"><span class='ocrx_word' id='word_1_190' title='bbox 83 2341 145 2388; x_wconf 87' lang='lat' dir='ltr'><strong>enim</strong></span> <span class='ocrx_word' id='word_1_191' title='bbox 156 2357 204 2390; x_wconf 81' lang='lat' dir='ltr'><strong>cese</strong></span> <span class='ocrx_word' id='word_1_192' title='bbox 214 2342 328 2402; x_wconf 75' lang='lat' dir='ltr'><strong>existimo,</strong></span> <span class='ocrx_word' id='word_1_193' title='bbox 342 2359 380 2391; x_wconf 86' lang='lat' dir='ltr'><strong>me</strong></span> <span class='ocrx_word' id='word_1_194' title='bbox 395 2344 485 2392; x_wconf 81' lang='lat' dir='ltr'><strong>nonita</strong></span> <span class='ocrx_word' id='word_1_195' title='bbox 499 2345 557 2392; x_wconf 86' lang='lat' dir='ltr'><strong>ferre</strong></span> <span class='ocrx_word' id='word_1_196' title='bbox 570 2360 650 2394; x_wconf 82' lang='lat' dir='ltr'><strong>cesum</strong></span> <span class='ocrx_word' id='word_1_197' title='bbox 662 2360 751 2405; x_wconf 84' lang='lat' dir='ltr'><strong>meum,</strong></span> 
     </span>
     <span class='ocr_line' id='line_1_29' title="bbox 82 2406 754 2486; baseline 0.009 -33"><span class='ocrx_word' id='word_1_198' title='bbox 82 2413 110 2454; x_wconf 85' lang='lat' dir='ltr'><strong>ut</strong></span> <span class='ocrx_word' id='word_1_199' title='bbox 120 2413 155 2464; x_wconf 87' lang='lat' dir='ltr'><strong>tu,</strong></span> <span class='ocrx_word' id='word_1_200' title='bbox 166 2406 208 2455; x_wconf 79' lang='lat' dir='ltr'><strong>tali</strong></span> <span class='ocrx_word' id='word_1_201' title='bbox 220 2407 332 2470; x_wconf 74' lang='lat' dir='ltr'><strong>sepiendi</strong></span> <span class='ocrx_word' id='word_1_202' title='bbox 347 2408 464 2472; x_wconf 75' lang='lat' dir='ltr'><strong>preditus,</strong></span> <span class='ocrx_word' id='word_1_203' title='bbox 479 2409 600 2457; x_wconf 85' lang='lat' dir='ltr'><strong>ferendum</strong></span> <span class='ocrx_word' id='word_1_204' title='bbox 613 2419 689 2486; x_wconf 70' lang='lat' dir='ltr'><strong>putee.</strong></span> <span class='ocrx_word' id='word_1_205' title='bbox 706 2409 754 2459; x_wconf 85' lang='lat' dir='ltr'><strong>Sed</strong></span> 
     </span>
     <span class='ocr_line' id='line_1_30' title="bbox 81 2470 753 2538; baseline 0.007 -20"><span class='ocrx_word' id='word_1_206' title='bbox 81 2470 199 2535; x_wconf 79' lang='lat' dir='ltr'><strong>opprimor</strong></span> <span class='ocrx_word' id='word_1_207' title='bbox 213 2471 348 2529; x_wconf 56' lang='lat' dir='ltr'><strong>&gt;interdum</strong></span> <span class='ocrx_word' id='word_1_208' title='bbox 366 2481 388 2521; x_wconf 87' lang='lat' dir='ltr'><strong>et</strong></span> <span class='ocrx_word' id='word_1_209' title='bbox 403 2473 442 2521; x_wconf 84' lang='lat' dir='ltr'><strong>vix</strong></span> <span class='ocrx_word' id='word_1_210' title='bbox 458 2474 537 2522; x_wconf 77' lang='lat' dir='ltr'><strong>resisto</strong></span> <span class='ocrx_word' id='word_1_211' title='bbox 552 2473 633 2533; x_wconf 83' lang='lat' dir='ltr'><strong>dolon,</strong></span> <span class='ocrx_word' id='word_1_212' title='bbox 647 2474 712 2538; x_wconf 87' lang='lat' dir='ltr'><strong>quod</strong></span> <span class='ocrx_word' id='word_1_213' title='bbox 726 2489 753 2522; x_wconf 73' lang='lat' dir='ltr'><strong>ec</strong></span> 
     </span>
     <span class='ocr_line' id='line_1_31' title="bbox 79 2535 753 2613; baseline 0.007 -30"><span class='ocrx_word' id='word_1_214' title='bbox 79 2548 120 2583; x_wconf 86' lang='lat' dir='ltr'><strong>me</strong></span> <span class='ocrx_word' id='word_1_215' title='bbox 129 2536 210 2585; x_wconf 74' lang='lat' dir='ltr'><strong>solacio</strong></span> <span class='ocrx_word' id='word_1_216' title='bbox 226 2535 343 2612; x_wconf 74' lang='lat' dir='ltr'><strong>delicium,</strong></span> <span class='ocrx_word' id='word_1_217' title='bbox 354 2601 360 2613; x_wconf 90' lang='lat'><strong>.</strong></span> <span class='ocrx_word' id='word_1_218' title='bbox 373 2553 409 2585; x_wconf 81' lang='lat' dir='ltr'><strong>uae</strong></span> <span class='ocrx_word' id='word_1_219' title='bbox 420 2539 514 2597; x_wconf 76' lang='lat' dir='ltr'><strong>ceteris,</strong></span> <span class='ocrx_word' id='word_1_220' title='bbox 530 2553 631 2602; x_wconf 86' lang='lat' dir='ltr'><strong>quorum</strong></span> <span class='ocrx_word' id='word_1_221' title='bbox 641 2539 701 2586; x_wconf 90' lang='lat' dir='ltr'><strong>mihi</strong></span> <span class='ocrx_word' id='word_1_222' title='bbox 712 2554 753 2588; x_wconf 84' lang='lat' dir='ltr'><strong>ex-</strong></span> 
     </span>
    </p>

    <p class='ocr_par' dir='ltr' id='par_1_6' title="bbox 52 2601 757 2739">
     <span class='ocr_line' id='line_1_32' title="bbox 52 2601 757 2739; baseline -0.001 -23"><span class='ocrx_word' id='word_1_223' title='bbox 52 2601 159 2717; x_wconf 65' lang='lat' dir='ltr'><strong>rrr‘</strong></span> <span class='ocrx_word' id='word_1_224' title='bbox 169 2602 757 2739; x_wconf 35' lang='grc' dir='ltr'><strong>ἥψω</strong></span> 
     </span>
    </p>
   </div>
   <div class='ocr_carea' id='block_1_5' title="bbox 0 0 830 2948">
    <p class='ocr_par' dir='ltr' id='par_1_7' title="bbox 0 0 830 2948">
     <span class='ocr_line' id='line_1_33' title="bbox 0 0 830 2948; baseline 0 3"><span class='ocrx_word' id='word_1_225' title='bbox 0 0 830 2948; x_wconf 95' lang='lat' dir='ltr'><strong> </strong></span> 
     </span>
    </p>
   </div>
  </div>
 </body>
</html>
