1650 2948
179 153 231 202 AD
247 152 427 204 Dlvuasos.
442 156 505 204 111³.
523 156 573 205 111.
592 158 631 205 ll·
708 159 742 212 ld

74 283 173 335 tandem
181 283 260 330 animo
270 283 295 330 in
306 293 329 331 te
342 301 390 333 esse
404 285 493 332 debeo?
509 301 563 333 cunr
575 286 700 349 presertim
711 303 750 335 eas

73 349 104 397 ad
115 364 154 395 me
165 348 185 394 is
195 348 272 394 literas
278 347 374 406 miserit,
382 350 474 413 quibus,
484 350 553 398 etiam
563 351 582 397 si
589 351 631 398 tibi
641 351 749 414 (euisum

74 409 240 472 amicissimus)
252 411 324 460 hostis
337 428 418 470 essem,
435 414 536 477 phoarer
550 423 645 471 tamem
663 422 751 463 totum·

74 492 122 542 que
137 491 178 524 me
187 475 218 522 sd
229 477 279 537 ejus
289 475 341 536 viri,
359 476 393 524 ite
406 477 435 525 de
449 493 489 526 me
504 479 590 537 meriti,
607 479 750 527 voluntates

75 550 211 602 nutumque
219 548 380 588 converterem.
399 541 444 590 Sed
451 541 501 590 lraeo
508 542 631 598 hactenus3
643 543 751 606 plunnus

73 605 139 653 enim
149 604 221 652 etiam
231 604 325 652 fortusse
335 605 418 664 verbis,
426 621 499 669 quam
508 621 596 656 neeesse
602 607 657 667 fuit,
666 607 751 672 scripta

74 676 138 717 sunt
156 669 230 716 Nune
240 683 275 727 aa,
287 684 341 731 quus
351 684 364 716 s
375 684 413 716 me
424 668 558 735 [perfectu]
569 686 668 735 quisque
683 672 751 720 insti·

75 743 128 786 tnta
137 741 200 788 sunt,
212 746 329 795 cognosse.
348 732 364 768 ’ν
380 732 394 760 ⁸
412 733 426 761 ⁸
454 777 456 783 .

298 799 423 844 Nonnulla
434 799 524 845 desunt.

75 863 158 926 Atque
168 861 219 909 luen
232 859 323 923 agimus
334 870 358 909 et
372 877 469 925 egemus
483 859 557 924 magis
573 876 616 924 pro
630 861 753 924 dgniute.

90 942 148 974 uam
159 941 203 990 pro
213 925 316 989 periculo
331 936 379 974 tuo.
404 927 442 974 Te
456 925 519 973 enim
531 929 570 990 (ut
580 925 685 990 spero)p

72 943 137 1038 diem
149 1004 267 1038 sensorun
278 989 399 1037 audiemus
404 1001 415 1038 ἐ
432 991 500 1051 eujus
516 989 663 1053 magistratus
678 942 754 1040 οἷς·

87 1071 141 1119 quae
152 1063 209 1102 sunt
218 1053 317 1101 maximi
327 1054 408 1112 animi,
415 1055 548 1119 summique
558 1053 656 1116 oonsilii)
664 1055 706 1104 ulai
714 1053 754 1103 di..

73 1118 185 1183 ligentius
196 1126 220 1165 et
230 1117 365 1178 noeurstius,
376 1134 447 1181 quam
458 1119 571 1183 hecquae
580 1119 690 1169 nosdete
700 1120 753 1184 agi-

75 1200 138 1246 mus,
149 1181 272 1246 cogitanda
282 1197 330 1230 esse
340 1197 428 1232 oenseo.
444 1184 515 1234 Vale.

75 1360 143 1439 (ιι.)
167 1373 285 1424 rano.
301 1373 410 1424 namo
426 1373 601 1436 runcum,
619 1370 748 1440 (utem)

289 1439 449 1500 cunsom,
469 1439 540 1488 sn.

82 1562 86 1568 ’
107 1569 306 1631 (Argumentum.
319 1595 353 1605 —
364 1567 500 1616 Gratulatur
512 1566 594 1631 Appio
612 1567 642 1615 de
656 1567 751 1615 absolu·

75 1634 138 1682 tione
155 1633 298 1695 majestatis3
322 1641 345 1681 et
363 1632 393 1680 de
413 1633 503 1680 ambitu
525 1631 624 1679 similem
642 1639 750 1678 eventum

77 1707 159 1762 speret
171 1697 285 1746 Laudatis
292 1697 404 1760 Pompeio
412 1698 522 1756 etBruto,
530 1695 650 1760 pollioetur
656 1710 750 1759 operam

76 1779 145 1811 susm
156 1762 186 1810 sd
197 1762 318 1822 notandos,
330 1777 371 1824 qur
381 1770 539 1808 testimonium
550 1776 575 1808 in
582 1759 690 1824 Appium
698 1775 751 1824 pre·

76 1828 108 1875 fio
126 1827 242 1874 dixerant.
266 1826 400 1889 Augurales
417 1824 487 1873 libros
501 1825 531 1872 ad
543 1824 617 1873 otium
630 1825 750 1888 utriusque

78 1891 171 1950 mnan,
183 1890 296 1937 orationes
306 1899 384 1937 autem
391 1890 456 1940 ,mitti
467 1890 545 1952 eupit:
563 1898 594 1947 et,
603 1889 752 1939 humaniores

75 1956 154 2003 literas
165 1954 291 2018 pollicitus,
302 1963 389 2013 monet,
402 1963 428 2001 ut
444 1969 556 2017 proavum
570 1953 665 2002 censuri
670 1953 750 2000 imite-

110 2148 173 2196 Cum
186 2162 258 2195 essem
268 2147 294 2194 in
304 2147 382 2195 eastris
398 2147 428 2194 sd
442 2146 539 2194 fiuvium
550 2145 686 2209 Pyramum,
698 2145 752 2193 red·

76 2213 131 2261 ditae
141 2211 203 2259 mihi
213 2220 268 2259 sunt
278 2226 325 2258 uno
336 2220 439 2275 tempore
453 2228 467 2259 s
477 2220 500 2258 te
510 2211 609 2274 epistole
619 2211 680 2270 duae,
692 2224 752 2273 quas

77 2277 107 2324 ad
117 2293 157 2325 me
168 2277 200 2336 Q.
212 2275 323 2324 Servilius
333 2276 408 2323 Tarso
418 2276 519 2323 miserat
542 2275 631 2322 Earum
642 2275 667 2322 in
678 2274 753 2321 alters

78 2341 126 2389 dies
141 2349 191 2388 erat
208 2340 323 2402 adscripta
338 2340 462 2388 Nonarum
477 2339 613 2402 Aprilium3
629 2339 654 2386 in
670 2337 751 2396 alteri,

80 2421 132 2468 quae
148 2404 209 2452 mihi
227 2404 337 2452 recentior
355 2404 482 2464 videbatur,
500 2403 548 2451 dies
565 2418 612 2452 non
629 2411 685 2450 erst-
703 2402 752 2447 Re-

80 2469 197 2532 spondebo
207 2469 279 2532 igitur
289 2468 400 2532 superiori
410 2469 483 2533 prius,
490 2468 515 2515 in
526 2468 573 2531 qul
584 2467 662 2515 seribis
673 2465 703 2510 sd
714 2479 752 2510 me

80 2533 113 2581 de
122 2533 268 2583 absolutione
281 2534 414 2594 majestatis.
439 2532 478 2580 De
488 2532 545 2596 qul,
557 2532 599 2579 etsi
609 2527 753 2601 permultum

82 2606 134 2651 ente
145 2597 228 2648 satior
237 2598 312 2648 faetus
318 2613 380 2648 eam
386 2597 470 2665 literis,
478 2596 579 2663 nuntiis,
585 2594 655 2648 tems
661 2593 783 2659 demque·
