1650 2948
108 159 157 206 see
231 159 282 205 m>
298 139 666 207 n1vess0s.sn.m11s

107 287 252 347 judicaturus
269 302 330 346 sum,
345 295 425 333 utrum
436 286 482 333 sint
495 302 645 344 stertentes,
656 297 687 332 an
696 300 784 358 παρίμ·

109 350 243 410 &retusam
270 351 331 398 Puto
345 364 408 397 nunc
425 351 514 397 dicere:
532 348 660 399 Oblitusne
675 364 699 396 es
711 347 783 410 igmu·

108 412 234 475 fungorum
243 414 345 471 illorum,
353 429 410 476 quos
418 413 480 477 apud
490 412 604 462 Niciam?
618 422 642 459 et
652 411 781 475 ingentimr‘r

137 477 246 525 uillarum
261 493 314 525 cum
332 477 419 540 Sophia
430 477 565 540 Septimire?
582 476 649 534 Quid
666 477 739 540 ergo?
755 483 780 521 tu

109 492 166 588 aso
182 541 240 588 mihi
256 557 375 589 excussam
392 542 533 588 severitatem
550 549 652 589 veterem
668 549 745 604 putas,
756 545 782 585 ut

108 618 138 651 ne
151 604 175 651 in
186 605 236 653 foro
247 605 341 668 quidem
358 605 460 679 reliquiae
475 605 578 668 pristin'oe
593 604 676 652 frontis
686 617 782 669 appere-

108 671 168 716 ent?
190 669 235 717 Sed
254 677 332 716 temen
349 669 511 716 susvrssimum
535 668 660 728 συμὸιωτηι
676 676 781 716 nostrum

107 734 222 794 prestabo
238 733 263 779 in
349 748 388 780 m:
413 747 455 780 nee
471 732 624 790 committam,
643 738 679 792 ut,
698 731 719 780 si
740 745 781 795 ego

109 796 490 972 amffggetrlrlslnemrolhzsmresnd'itffi
499 811 529 844 ne
536 795 621 843 hebeat
628 795 708 844 Bure
712 795 782 845 Plsn-

151 893 158 919 ἱ

152 926 158 942 ’
206 925 263 989 quid
277 927 339 988 ago?
357 939 410 972 eum
421 924 480 971 mihi
490 924 519 971 sit
533 923 657 983 incertum,
668 924 782 988 tranquil«

109 987 163 1036 lone
173 989 204 1036 sis
214 989 300 1047 animo,
312 1003 351 1048 sn,
363 996 390 1035 ut
399 989 424 1034 in
435 989 504 1048 bello,
515 988 540 1034 in
556 987 636 1050 aliqua
652 989 781 1050 meJuseuls

111 1053 167 1100 curt
180 1053 299 1116 negotiove
314 1067 411 1110 versere,
424 1053 489 1100 labor
504 1050 605 1114 longius.
629 1052 694 1100 Cum
713 1053 781 1116 igitur

109 1115 169 1163 mihi
180 1118 223 1164 erit
233 1132 261 1164 ex
277 1116 386 1172 lotatum,
398 1125 421 1164 te
431 1117 527 1165 libenter
543 1130 591 1163 esse
604 1115 718 1178 risurum,
730 1116 781 1165 sesi·

110 1181 166 1228 bam
177 1181 207 1228 ad
218 1189 240 1228 te
250 1133 363 1244 pffursssus.
378 1180 415 1227 Te
426 1189 503 1228 tamen
513 1180 557 1227 hoc
568 1179 625 1227 seire
636 1181 708 1241 volo,
716 1181 781 1230 vehsa

110 1253 199 1292 menter
206 1245 320 1310 populum
328 1243 450 1303 sollicitum
462 1244 532 1292 fuisse
542 1243 571 1291 de
577 1244 606 1291 P.
615 1245 691 1292 Sullae
700 1254 780 1304 morte,-

110 1317 235 1372 entequam
247 1317 334 1357 certum
349 1307 430 1356 scierit.
454 1308 526 1356 Nunc
540 1323 643 1370 querere
655 1309 780 1368 desierunt,

111 1373 228 1436 quomodo
238 1372 337 1436 perierit
354 1372 414 1420 Satis
424 1380 515 1436 putant,
525 1387 548 1419 se
557 1372 621 1429 scire,
629 1373 695 1435 quod
701 1373 779 1422 sciunt·

111 1436 164 1499 Ego
174 1437 296 1501 caeteroqui
306 1437 384 1484 animo
398 1452 465 1500 equo
481 1436 544 1493 fero3
560 1450 636 1484 unum
651 1453 740 1500 vereor,
752 1452 782 1489 se

111 1501 178 1549 haste
187 1500 284 1551 cesaris
295 1500 413 1550 refrixerit
432 1501 498 1549 Vale.

208 1694 277 1752 (ιι.)
294 1691 424 1742 omero
440 1693 674 1745 mmmmm.

142 1817 336 1878 (Argumentum.
346 1846 377 1855 -
387 1819 497 1868 Tulliolae
516 1829 624 1879 mortem,
641 1823 712 1872 etism
729 1820 780 1888 post

109 1879 243 1939 divortium,
261 1882 389 1932 Dolabellae
403 1885 523 1947 significat,
540 1885 565 1932 in
579 1888 646 1947 cujus
659 1896 780 1936 eonsuetu-

109 1943 163 1991 dine
174 1945 282 1994 solatium
293 1947 337 1995 sibi
347 1949 395 1996 fore
405 1950 444 1996 ait.
464 1951 522 1998 Suos
532 1952 695 1999 obtrectatores
706 1952 779 2000 ane·

109 2007 194 2056 labent
204 2010 299 2058 refutari
310 2014 368 2073 vult,
380 2016 409 2061 ab
421 2013 546 2078 eodemque
557 2030 581 2062 se
591 2016 672 2062 amari.
691 2016 780 2080 Scripta

110 2070 199 2121 Cerere
207 2084 316 2137 quartum
325 2076 435 2140 consule.)

141 2199 188 2248 Vel
198 2215 250 2251 meo
263 2203 334 2270 ipsius
345 2205 437 2253 interitu
448 2206 542 2253 mallem
557 2207 634 2255 literas
646 2223 711 2256 mess
722 2208 780 2256 desi·

109 2263 207 2322 derare,
219 2283 290 2329 quam
302 2285 328 2316 eo
339 2285 402 2327 casu,
411 2286 458 2333 quo
465 2285 516 2317 sum
523 2271 656 2331 gravissime
668 2273 777 2320 afflietuss

109 2343 179 2391 quem
189 2329 272 2378 ferrem
283 2342 343 2380 certe
353 2334 500 2393 moderatius,
512 2335 532 2380 si
543 2343 566 2381 te
576 2335 694 2385 haberem.
716 2338 778 2384 Nam

110 2402 133 2441 et
147 2393 218 2442 oratio
234 2403 275 2442 tua
284 2397 393 2458 prudens,
405 2406 428 2444 et
449 2413 514 2445 amor
528 2414 582 2461 erga
596 2414 635 2447 me
648 2400 777 2465 singularis,

109 2457 211 2505 multum
217 2459 309 2506 levaret.
323 2461 377 2520 Sed,
386 2462 496 2525 quoniam
503 2462 566 2511 brevi
574 2472 677 2527 tempore
685 2467 723 2529 (ut
731 2465 778 2528 opi·

109 2521 148 2570 nio
159 2532 236 2571 nostra
246 2521 291 2584 est)
303 2533 326 2572 te
337 2541 388 2572 sum
402 2525 501 2585 visurus,
518 2526 551 2573 its
566 2542 605 2574 me
621 2528 731 2577 effectum
745 2529 778 2576 of·

103 2586 195 2648 tendes,
213 2599 241 2640 ut
250 2589 354 2640 multum
368 2589 509 2654 etemseim
518 2591 609 2650 ῑιιιιιιίς
627 2607 675 2640 non
690 2608 737 2657 quo
746 2593 777 2640 ita

97 2654 150 2704 sim
163 2656 265 2721 fractus,
275 2667 304 2708 ut
312 2665 356 2707 emt
361 2654 485 2705 hommem
492 2668 533 2700 me
541 2655 780 2717 essersetsmsmmmm
