1650 2948
108 125 154 173 leo
230 125 280 173 ΑΙ)
297 125 474 175 DlVERSOS·
492 125 553 175 litu.
565 126 597 174 V.
618 125 656 173 12.

106 254 245 314 molestiam,
268 271 341 318 spem,
365 255 486 302 timorem:
510 254 531 302 si
552 269 605 303 vero
627 252 691 302 exitu
711 258 776 301 uom-

105 319 148 367 bili
154 320 329 374 concluduntur,
337 319 443 382 expletur
453 320 545 366 animus
553 317 723 380 jucundissimis
730 317 775 367 let-

104 382 173 430 tionis
188 385 311 446 voluptate.
335 383 390 442 Quo
404 383 463 430 mihi
480 383 585 431 acciderit
595 383 706 446 optatius,
721 381 775 430 siin

105 447 149 495 hac
163 449 274 495 sententiis
288 447 366 505 fueris,
378 457 405 494 ut
415 464 429 494 a
440 448 608 495 continentibus
619 447 666 495 tuis
677 446 773 510 scriptis,

105 512 129 557 in
138 512 222 575 quibus
230 520 364 574 perpetuam
374 522 573 574 rerumgestarum
584 511 703 560 historiam
713 525 775 559 oom-

104 576 216 638 plecteris,
226 592 327 623 secernas
338 576 397 624 hanc
405 577 472 639 quasi
481 577 585 625 fabulam
593 591 672 624 rerum
682 583 774 623 evento·

103 655 203 703 rumque
211 649 347 688 nostrorum.
364 641 442 688 Habet
450 641 510 688 enim
520 639 775 702 vanoeachrsmultas·

97 718 150 767 ,que
161 704 258 752 actiones
269 714 291 752 et
299 705 445 753 consiliorum
456 713 479 752 et
489 713 627 768 temporum.

136 769 227 816 Aenon
239 785 325 829 vereor,
340 785 370 816 ne
380 770 573 818 assentatiuncula
588 769 692 832 quisdam
703 782 776 817 aucu-

103 832 154 895 pari
162 842 226 881 tuam
231 835 329 896 gretiam
335 835 420 893 videar,
428 849 483 882 cum
490 834 534 882 hoc
541 833 705 894 demonstrem,
715 847 775 881 mee

105 905 129 944 te
135 898 282 961 potissimum
290 899 365 947 omari
370 899 524 961 celebrarique
534 899 599 946 velle.
616 899 702 961 Neque
711 897 774 945 euim

105 968 132 1008 tu
143 962 162 1010 is
173 978 205 1022 es,
217 963 266 1026 qui,
278 964 320 1027 qni
330 964 368 1023 sis,
381 963 480 1011 nescias:
498 962 573 1026 etqui
583 976 630 1009 non
641 977 680 1010 eos
690 960 773 1025 magis,

122 1026 147 1072 ni
158 1035 180 1074 te
195 1041 242 1073 nou
252 1027 402 1087 admirentur,
418 1027 515 1086 invidos,
527 1041 599 1090 qnam
611 1041 658 1086 eos,
671 1025 714 1090 qui
722 1026 775 1074 lau·

133 1097 168 1148 nt,
184 1098 332 1138 assentatores
345 1093 460 1139 arbitrere.
481 1091 565 1154 Neque
576 1101 655 1139 autem
669 1106 712 1153 ego
723 1104 775 1139 uam

103 1151 138 1199 ita
148 1153 250 1212 demens,
261 1163 289 1201 ut
298 1170 337 1201 me
351 1155 494 1218 sempiternae
508 1155 586 1218 gloriae
596 1171 638 1218 per
648 1169 704 1203 eum
714 1169 776 1205 eom·

104 1216 209 1264 mandari
217 1217 296 1277 velim,
305 1218 347 1280 qui
354 1233 400 1265 non
412 1219 461 1282 ipse
471 1234 572 1283 qnoque,
579 1218 603 1265 in
612 1234 651 1267 me
659 1234 777 1269 commen·

104 1279 189 1340 dando,
201 1281 318 1345 propriam
332 1282 419 1345 ingenii
433 1283 532 1344 gloriam
542 1293 702 1348 consequautr.
726 1284 777 1333 Ne-

104 1360 151 1407 que
169 1346 232 1393 enim
249 1346 384 1394 Alexander
399 1347 448 1405 ille,
465 1349 547 1410 gratier
561 1349 629 1396 eaush
645 1350 676 1396 ab
693 1347 777 1412 Apelle

103 1409 250 1471 potissimum
265 1411 340 1474 pingi,
351 1421 374 1460 et
385 1428 399 1459 a
409 1411 513 1475 Lysippo
529 1411 595 1474 fingi,
610 1413 720 1468 volebatz
736 1411 776 1462 aed

103 1474 167 1536 quod
176 1475 270 1522 illorum
284 1485 366 1537 artem,
378 1492 433 1525 cum
442 1475 506 1539 ipsis,
517 1486 570 1525 tum
580 1476 650 1525 etiarn
661 1476 714 1537 sibi,
724 1476 776 1540 glo·

104 1537 145 1586 riae
152 1538 200 1587 fore
211 1542 315 1603 putabat.
801 1576 804 1583 ·

135 1603 217 1668 Atque
227 1604 262 1652 illi
272 1605 369 1653 artifices
381 1605 480 1668 corporis
495 1604 617 1654 ammam
626 1605 712 1669 ignotis
721 1612 776 1655 nou

101 1667 232 1717 faciebant:
250 1685 302 1732 quae
318 1670 355 1718 vel
370 1669 390 1717 si
405 1670 471 1717 nulla
481 1670 534 1730 sint,
546 1670 619 1717 nihilo
635 1671 682 1719 sint
696 1679 774 1719 amer

102 1733 242 1780 obsurriores
253 1733 308 1780 clari
316 1733 366 1780 viri.
384 1734 435 1781 Neo
445 1733 524 1782 minus
532 1746 565 1782 est
573 1735 700 1798 Spartiates
710 1735 775 1798 Age-

102 1794 172 1843 silitus
187 1797 226 1843 ille
236 1796 398 1859 perhibendus,
410 1798 452 1860 qui
465 1813 541 1862 noque
552 1798 638 1862 pictam
649 1814 726 1864 neque
735 1799 776 1849 fle-

102 1867 151 1906 tam
161 1859 287 1922 imaginn
295 1874 361 1908 suam
372 1877 452 1924 passus
463 1873 496 1910 est
507 1878 563 1923 esse,
577 1878 649 1926 quam
660 1864 703 1928 qui
712 1863 738 1911 in
747 1878 776 1914 eo

100 1937 184 1998 genere
197 1923 337 1973 labordrunt.
354 1927 422 1974 Unus
439 1927 501 1974 enim
511 1927 673 1990 Xenophontis
682 1928 775 1977 libellus

100 2002 127 2034 m
138 2002 165 2035 eo
175 2003 228 2051 rege
237 1989 354 2037 laudando
367 1990 434 2038 facile
444 2006 524 2039 omnes
540 1991 653 2055 imagines
668 1992 774 2043 omnium

100 2058 232 2116 statuasque
245 2054 367 2116 superavit

133 2117 215 2180 Atque
224 2118 268 2166 hoc
278 2120 423 2181 praestantius
436 2120 496 2168 mihi
505 2120 576 2168 fuerit
591 2128 615 2170 et
628 2121 659 2170 ad
669 2122 774 2172 lotitiam

100 2180 181 2239 animi,
193 2182 255 2229 etad
265 2184 382 2232 memoriae
399 2184 543 2246 dignitatem,
560 2185 580 2233 si
595 2186 621 2232 in
633 2195 675 2235 tua
690 2187 774 2251 scripta

99 2259 232 2308 pervenero,
245 2262 317 2309 quam
328 2248 347 2294 si
361 2249 385 2295 in
397 2258 538 2309 caeterorum,
550 2250 614 2312 quod
623 2264 673 2299 non
682 2250 773 2314 ingeni·
790 2258 794 2267 '

100 2323 143 2356 um
153 2309 212 2356 mihi
222 2310 298 2358 solum
308 2313 480 2375 suppeditatum
489 2313 559 2361 fuerit
570 2323 647 2374 tunm,
659 2316 719 2364 aaa
729 2315 773 2364 Ti·

100 2373 210 2421 moleonti
216 2390 231 2421 a
237 2373 336 2433 Timeo,
348 2386 389 2424 aut
399 2379 428 2424 ab
437 2377 556 2426 Herodoto
564 2378 726 2441 Themistocli,
733 2378 773 2429 sed

100 2437 171 2487 etiam
181 2438 302 2487 auctoritas
313 2440 431 2489 clarissimi
439 2449 462 2489 et
472 2442 632 2505 spectatissimi
649 2443 702 2503 viri,
714 2451 738 2493 et
745 2443 771 2493 in

100 2502 232 2566 reipublice
237 2503 345 2552 maximis
356 2505 541 2569 granssimisque
550 2507 624 2556 causis
632 2508 729 2572 cogniti,
735 2516 775 2557 at·

97 2582 147 2629 que
159 2567 186 2617 in
202 2567 286 2633 primia
299 2569 405 2633 probati:
423 2578 450 2616 ut
464 2570 523 2618 mihi
540 2586 587 2619 non
602 2572 679 2621 solum
707 2587 776 2623 reeo-

83 2630 165 2693 ur'um,
178 2633 254 2699 qnod,
269 2650 324 2686 cum
340 2634 366 2685 in
376 2633 475 2699 Sigeum
483 2634 582 2686 satsat
592 2636 685 2687 Alexan
724 2639 773 2698 ,ab
