1650 2948
179 110 233 162 AD
248 109 426 163 mvllnsos
443 112 505 162 Iun.
523 113 570 162 vl.
588 115 625 163 18.
693 112 738 169 175

213 240 279 302 (18.)
303 241 430 291 CICERO
448 242 579 292 LEPTAE.

97 370 293 435 (Argumentum.
308 402 342 414 -
354 372 482 433 Quaesdoni
499 374 620 438 respondet
637 389 666 421 ex
683 375 692 420 l

62 435 94 483 de
109 435 285 484 decurionibus=
310 436 375 484 sddit
393 436 422 484 de
441 439 503 486 bello
521 389 733 503 Hispaniensi:

65 498 258 564 Leptonegotio,
271 500 301 548 de
317 499 458 549 “Oretum‘'
470 517 521 562 suo,
536 502 565 552 de
579 501 693 561 Tuuiolt,
708 509 733 550 et

63 562 94 612 de
104 563 187 629 lepte
193 564 292 628 junioris
301 563 383 613 studiis
393 565 514 615 mutilium
523 581 551 616 se
560 564 720 634 preceptum.)

369 642 436 666 -L-s

97 692 391 758 SimulsooepisSeleueo
401 703 442 742 tuo
452 694 537 754 literne,
548 694 732 759 stutiurqmesivi

64 757 525 834 eBssbopmeodidllmqrddessetinl
589 758 730 869 Rescripsitz

64 822 121 881 uos,
140 838 181 886 qur
197 823 298 870 facerem
311 823 459 887 preconium,
476 838 492 869 v
562 837 610 870 ωε
621 823 646 869 ln
679 837 732 870 ecu-

63 885 182 945 riomhus3
199 887 241 951 qui
250 886 363 946 fecissent,
370 901 417 935 non
425 886 503 935 vetuti.
521 887 602 946 Quare
611 887 672 934 bono
682 885 732 934 sni

63 965 105 998 mo
120 951 167 999 sint
179 951 249 999 ettui
263 959 286 999 et
299 951 346 999 mei
362 950 492 1004 familiares.
509 950 594 1016 Neque
606 951 668 998 enlm
683 963 732 998 erut

62 1014 193 1075 ferendum,
211 1030 274 1074 cum,
292 1015 334 1078 qui
351 1014 419 1063 hodie
435 1015 604 1082 haruspicinam
621 1015 729 1077 inserent,

61 1078 88 1138 in
100 1087 180 1127 scum
191 1081 274 1128 Romu
280 1079 418 1142 legerentur,
430 1094 476 1138 eos,
487 1080 528 1144 qui
538 1079 661 1143 aliquando
671 1094 730 1149 pru·

60 1143 157 1256 loppripm
166 1143 280 1204 fecissent,
295 1143 320 1191 in
331 1142 463 1207 municipiis
477 1143 608 1193 decuriones
622 1157 670 1192 esse
681 1158 729 1192 non

96 1272 135 1320 De
145 1271 265 1335 Hispaniis
279 1271 333 1319 novi
346 1271 412 1318 nihil.
428 1270 545 1334 Magnum
555 1280 632 1320 temen
644 1271 730 1320 exerci-

62 1345 115 1386 tum
134 1335 273 1398 Pompeium
289 1335 373 1383 hsbere
389 1344 483 1388 constet.
507 1336 571 1386 Num
588 1336 665 1391 Cesar
681 1335 731 1399 ipso

62 1401 93 1450 sd
110 1415 153 1448 nos
168 1399 233 1447 urisit
247 1399 381 1462 muuplum
398 1399 494 1447 Puciaeci
507 1398 633 1458 lituum,
645 1400 670 1449 in
683 1415 730 1463 quo

62 1473 120 1526 erut,
133 1464 218 1528 [ipsus]
230 1463 337 1521 undecim
348 1479 396 1511 esse
405 1463 512 1526 legiones.
529 1463 729 1526 Scripserstetiem

63 1529 167 1579 Messala
177 1528 209 1587 Q.
221 1528 319 1588 Sduseo,
331 1528 359 1576 P.
371 1527 479 1576 Curtium
489 1527 583 1574 fratrem
594 1527 653 1586 ejus,
662 1528 729 1587 jussu

63 1592 180 1658 Pompeii,
201 1591 342 1654 inspectante
363 1591 472 1648 exercitu,
493 1590 648 1648 interfectum,
667 1591 730 1654 quod

61 1658 212 1706 consensisset
227 1671 282 1704 cum
299 1655 410 1719 llispsnis
424 1655 571 1718 quibusdem,
586 1654 606 1701 si
622 1654 647 1701 in
664 1654 730 1723 oppi-

61 1723 119 1770 dum
136 1720 211 1769 nescio
228 1719 291 1783 quod
308 1720 432 1782 Pompeius
444 1719 477 1767 rei
490 1719 646 1766 frumentario
660 1719 730 1767 osusl

61 1787 169 1847 venisset,
186 1799 241 1839 eum
257 1784 455 1848 comprehendere,
470 1783 500 1832 sd
513 1783 672 1847 Cesuremque
688 1778 730 1833 de·

63 1851 154 1899 ducere
575 1850 577 1855 ’

94 1915 134 1962 De
147 1913 240 1977 negotio
253 1921 303 1972 tuo,
317 1912 380 1976 quod
397 1927 491 1976 sponsor
506 1926 530 1959 es
544 1928 586 1976 pro
600 1912 711 1976 Pompeio

62 1979 82 2027 ei
92 1980 171 2028 Gslhs
186 1992 324 2040 consponsor
333 1985 388 2024 tuus
399 1976 490 2030 redierit
501 1976 582 2040 (homo
591 1977 617 2024 lu
627 1993 652 2024 re
661 1976 731 2024 ismi-

62 2043 113 2091 liuri
123 2057 170 2090 non
177 2057 262 2106 purum
268 2041 384 2104 diligens),
396 2040 731 2089 nondminsmcumillooom.

61 2107 188 2166 munionre,
206 2105 226 2153 si
241 2105 298 2168 quid
313 2104 416 2170 expediri
430 2104 516 2169 possit3
534 2105 596 2168 quod
612 2105 731 2155 videbatur

61 2171 120 2220 mihi
129 2171 170 2234 ille
181 2169 301 2218 confidere.
472 2202 474 2209 ι

94 2240 113 2267 “
124 2234 265 2284 Oratorem
276 2248 355 2281 meum
369 2240 487 2296 tantopere
504 2242 551 2282 ste
561 2234 652 2298 probe-ri
662 2235 731 2286 vehe·
788 2275 791 2280 .

62 2309 152 2352 menter
167 2299 264 2362 gaudeo.
288 2297 352 2346 Mihi
370 2298 465 2362 quidem
482 2297 514 2346 sic
526 2298 666 2410 (persusdem
683 2313 731 2356 me,
772 2302 785 2359 j

64 2363 179 2429 quidquid
188 2361 309 2411 habuerim
324 2361 406 2423 judicii
419 2362 448 2410 de
460 2361 525 2410 dicen
542 2379 565 2422 o,
579 2363 604 2409 lu
617 2363 684 2409 illum
702 2361 732 2408 li·

64 2431 132 2478 brum
144 2427 273 2476 oonwlisse.
290 2425 340 2485 Qui
350 2428 370 2474 si
386 2436 420 2474 est
430 2425 491 2486 tulis,
502 2427 596 2491 qualem
607 2425 650 2472 tibi
660 2423 732 2472 videri

65 2493 152 2553 scribis,
172 2507 216 2556 ego
234 2506 327 2555 quoque
344 2489 432 2554 ailquid
449 2506 516 2538 sums
539 2491 574 2538 siu
592 2489 666 2545 aliter,
686 2502 733 2534 non

65 2572 152 2617 recuso,
163 2556 230 2632 quin,
241 2563 356 2620 quuntum
370 2555 400 2603 de
415 2554 457 2603 illo
466 2554 535 2614 libro,
549 2550 697 2602 tantumdem
704 2551 737 2599 de

64 2622 109 2671 mei
121 2621 207 2682 judieii
215 2620 287 2684 fumi,
299 2620 443 2675 detrshutur.
462 2620 570 2688 lrcptom
584 2624 702 2668 nostrum·
708 2631 753 2664 eu-
