1650 2948
167 121 218 170 AD
235 123 411 174 Dtvffltsos.
430 126 490 172 Lru.
503 125 562 172 VII.
580 126 620 171 23.
681 125 728 170 203

56 251 170 309 dederit,”
183 268 265 315 negare
276 255 350 301 aiebat
365 256 478 311 Serrium,
492 255 581 300 tubulus
599 253 728 298 testamenti

56 331 104 362 esse
124 332 170 375 eeu,
191 335 248 381 quas
265 320 399 367 instituisset
416 321 443 378 is,
463 320 503 381 qui
518 320 639 365 factionem
661 326 728 362 testa-

56 381 130 427 menti
145 396 192 428 non
205 383 325 431 habuerit:
343 385 386 431 hoc
396 385 456 430 idem
474 384 572 430 Ofilium
588 383 677 428 dicere:
696 390 729 426 te-

58 459 113 492 cum
130 461 155 494 ss
166 447 271 496 locutum
286 451 400 511 negabam
419 464 503 512 meque
515 447 611 510 rogavit,
625 455 652 493 ut
668 461 692 492 se
706 453 729 492 et

56 521 150 557 esuum
157 525 223 559 susm
233 512 277 561 tibi
282 512 473 561 commendarem.
497 513 548 560 Nec
554 511 589 560 vir
597 510 686 569 melior,
694 508 728 556 mi

56 571 137 632 Testa,
150 587 193 623 uec
203 575 262 624 mihi
279 576 380 637 amicior,
395 577 424 625 P.
438 577 495 624 Silio
508 577 631 640 quisquam
645 583 687 632 est,
704 582 728 622 te

55 645 135 685 tomas
149 649 250 704 excepto.
273 641 437 689 Gratissimum
452 641 523 704 igitur
536 640 595 687 mihi
609 638 696 698 feceris,
708 637 729 685 si

56 699 87 748 sd
99 717 154 751 eum
167 705 229 753 ultro
241 706 337 766 veneris,
348 705 415 770 eiqne
432 704 547 768 pollicitus
564 704 623 752 eris:
644 703 692 762 sed,
708 702 731 750 si

56 778 95 812 me
105 780 178 826 umas,
189 784 261 833 quem
271 770 383 834 primum.
406 770 459 817 Hoc
469 777 492 816 te
503 769 648 816 vehementer
658 767 729 815 etiem

55 836 127 893 etque
137 831 208 882 etiem
218 830 293 897 rogo*
304 834 371 882 vele.

142 1027 212 1089 (ss.)
230 1026 357 1078 cronno
371 1006 556 1078 renerum
573 1025 598 1074 s.
609 1023 641 1072 u.

28 1194 31 1199 »
89 1154 726 1222 (Argumentum-*Deferto'quaestionemintersoy-

58 1225 115 1290 phos
125 1233 213 1282 netem,
225 1223 307 1286 probet
316 1221 450 1296 auctoritate
458 1220 692 1282 juriseousultorum.)

88 1355 199 1404 Illuserss
215 1351 266 1399 heri
278 1349 338 1397 inter
352 1350 457 1413 scyphos,
471 1348 534 1413 quod
546 1349 658 1408 dixeram,
672 1361 726 1395 oon-

57 1419 190 1468 emersum
203 1431 259 1475 esse,
272 1423 376 1478 possetne
384 1414 465 1473 heres,
479 1413 542 1476 quod
553 1413 642 1461 furtum
659 1421 726 1460 entes

57 1484 146 1533 forum
157 1489 223 1540 esset,
234 1479 290 1527 furti
302 1487 362 1526 recte
376 1493 450 1540 agere.
473 1478 566 1540 Itaque,
577 1477 619 1524 etsi
629 1476 726 1523 domum

57 1549 117 1596 bene
133 1554 203 1610 potus
220 1559 315 1608 seroque
328 1542 450 1598 redieram,
461 1549 539 1589 temen
555 1540 581 1586 id
593 1547 670 1602 eaput,
685 1539 727 1587 ubi

57 1612 106 1660 hee
117 1609 269 1659 oootroversie
279 1616 321 1668 est,
329 1607 415 1664 notavi,
423 1615 446 1653 et
456 1604 595 1667 descriptum
607 1603 649 1651 tibi
660 1602 727 1658 misi;

56 1685 84 1724 ut
94 1676 170 1735 scires,
178 1673 210 1732 ‘s
238 1672 285 1721 uod
295 1681 321 1720 tu
332 1672 448 1719 nemiuem
459 1670 553 1717 sensisse
563 1667 662 1742 dioebes‚
672 1668 726 1715 Sex.

57 1740 159 1798 AElium‚
171 1738 210 1786 Μ’
222 1690 361 1794 iteratum,
377 1735 415 1782 Μ.
427 1735 538 1792 Brutum,
554 1747 654 1781 seruisse·
674 1730 727 1794 Ego

58 1813 138 1853 temen
149 1802 256 1852 Scevotae
265 1810 294 1849 et
304 1800 381 1848 Teste
391 1799 506 1847 assentior.
524 1797 591 1845 Vale.

108 1991 177 2053 (23.)
201 1991 329 2041 CICERO
345 1993 369 2040 S.
379 1990 411 2038 D.
429 1990 537 2039 FABIO
554 1989 680 2040 ortuo,

92 2123 288 2188 (Argumentum.
296 2124 406 2186 -Signs
416 2123 522 2187 quedam
533 2131 556 2170 et
567 2131 652 2171 statuas
664 2121 730 2172 Cice·

58 2189 117 2247 roni,
124 2189 201 2251 potius
210 2189 299 2236 tabulas
306 2189 377 2252 pictas
383 2187 729 2252 numerusnumerous

59 2253 106 2300 illis
117 2252 257 2300 emtionibus
267 2254 356 2300 nuttam
367 2269 381 2300 s
391 2269 415 2300 se
425 2251 546 2300 desiderari
557 2252 637 2301 Gioero
650 2251 728 2300 rescri-

59 2317 109 2365 bite
128 2316 198 2364 simul
212 2326 305 2379 gratum
315 2317 360 2365 sibi
369 2333 417 2365 esse
427 2317 547 2380 significet,
558 2316 621 2380 quod
631 2316 728 2364 domum

58 2380 190 2443 proximam
200 2381 256 2430 velit
266 2381 397 2430 oonduoere.
414 2381 486 2428 Anno
496 2382 600 2440 incerto.)

93 2509 199 2565 Tantum
210 2510 273 2574 quod
279 2526 309 2558 ex
319 2477 429 2574 tiro-'miii
437 2525 552 2569 veneram,
559 2524 613 2556 oum
619 2506 728 2555 mihists

60 2572 132 2632 literis
137 2574 232 2622 reddire
242 2583 311 2623 sunt:
323 2577 353 2622 ab
364 2575 490 2638 eodemque
497 2570 666 2636 socepiAvisni
676 2569 729 2619 lites

59 2653 112 2695 ηις
131 2637 155 2684 in
173 2638 258 2702 quibus
274 2639 317 2687 hoo
334 2639 407 2687 inerat
422 2637 618 2693 liberalissimum,
633 2633 733 2687 nemim
