1650 2948
177 115 229 164 nn
245 86 422 164 nrvnasos.
441 117 500 164 mn.
515 117 561 164 rx.
579 120 617 166 ει.
683 124 728 175 971

64 244 129 292 domi
140 253 163 291 et
173 247 243 293 bonos
254 245 313 291 viros
326 245 418 301 multos,
434 246 472 291 sed
484 247 566 302 tristes,
579 249 652 294 ethos
668 250 730 296 latos

65 311 175 363 victores3
193 311 233 371 qui
247 326 283 356 nre
295 309 387 370 quidem
403 310 539 370 perofficiose
555 321 577 356 et
588 324 731 372 peramanter

64 376 193 421 observant.
210 375 258 420 Ubi
268 374 374 420 salutatio
382 374 485 432 defluxit,
498 375 567 421 literis
576 391 613 422 me
624 377 730 432 involvo;

64 448 107 486 aut
116 437 197 497 scribo,
207 438 312 500 autlego.
330 437 434 484 Veniunt
441 438 519 496 etiarn,
527 439 568 502 qui
578 455 616 486 me
627 441 730 500 audiant,

61 517 132 614 §nau
141 501 235 550 doctum
245 501 373 559 hominem,
383 501 439 564 quia
445 503 584 564 paulorum,
596 519 667 567 quam
677 505 730 579 ipsi,

79 565 157 614 oetior.
173 565 233 613 Inde
247 563 335 628 corpori
348 580 417 613 omne
431 574 522 629 tempus
535 567 610 615 detur.
627 569 730 616 Patriam

64 628 130 678 eluxi
144 628 195 691 jam
209 638 232 677 et
248 629 341 692 gratim
357 639 380 676 et
396 629 492 690 diutius,
508 647 578 695 quam
592 633 641 681 ulla
657 642 731 682 mater

43 735 45 738 ,
62 693 159 742 unicum
176 693 259 741 filium.
276 693 322 741 Sed
339 707 402 751 cura,
417 693 437 741 ai
452 710 491 742 me
508 711 580 755 amaa,
595 706 623 745 nt
635 697 730 753 valenae

63 773 95 806 ne
105 773 156 821 ego,
167 766 190 805 te
204 758 303 819 jacente,
315 759 376 807 bona
386 767 427 806 tue
442 759 562 808 oomedim.
578 762 654 810 statui
668 761 730 810 enim

62 823 145 872 tibine
155 830 240 886 aegroto
250 821 344 887 quidem
354 837 452 886 parcere.

206 1016 273 1077 err.)
289 1014 417 1065 cronno
434 1014 537 1066 rmuo
552 1016 577 1065 a

93 1146 287 1209 (Argumentum.
297 1175 330 1188 -
340 1145 451 1193 Fulmina
463 1147 585 1195 verborum
597 1145 675 1194 Paetue
689 1146 730 1196 Ci-

63 1211 141 1260 neroni
162 1211 280 1269 tribuerat,
300 1225 353 1284 qua
374 1209 459 1257 imitari
482 1224 529 1258 non
550 1219 643 1274 pooset3
667 1211 730 1274 quod

62 1275 140 1324 ridens
150 1275 268 1323 confutat:
286 1282 355 1322 enam
366 1273 428 1337 quod
438 1273 544 1337 Papirios
557 1275 618 1323 ullos
631 1289 729 1339 negave-

59 1349 97 1388 rat
106 1339 152 1388 uisi
161 1338 261 1403 Ριὼείοε
270 1336 362 1400 nisse)

94 1467 162 1518 Ai’n’
173 1467 285 1517 tandem?
302 1466 401 1514 insanire
412 1466 454 1514 toiri
465 1465 555 1525 videris,
566 1469 629 1532 quod
638 1469 728 1517 imitere

60 1535 184 1584 verborum
201 1546 314 1591 meorum,
329 1539 357 1578 ut
373 1530 460 1589 acribia,
477 1530 595 1581 fulmina?
611 1533 676 1583 Tum
693 1532 729 1580 in·

59 1595 482 1660 unimaioonaequinonpoeaea
507 1594 728 1646 Cumveroetiam

59 1664 147 1720 emona,
159 1676 198 1708 me
214 1661 278 1724 prius
291 1659 393 1720 irrideas,
406 1674 478 1723 quam
489 1667 520 1719 te,
536 1668 631 1722 oportet.
648 1659 728 1719 Quare

60 1727 122 1775 nihil
137 1725 180 1774 tibi
192 1740 250 1788 opus
264 1733 298 1774 eet
311 1724 371 1772 illud
385 1740 400 1772 a
416 1723 516 1783 Trebel,
530 1723 570 1772 aed
582 1723 659 1788 potius
675 1741 728 1771 aeo-

60 1808 147 1850 τιυγμι
160 1804 247 1837 meum.
264 1789 432 1839 Verumtamen
449 1788 506 1852 quid
522 1787 565 1837 tibi
580 1803 622 1852 ego
639 1788 663 1836 in
678 1788 727 1852 epi-

60 1854 126 1903 stolia
139 1853 237 1901 videor?
253 1868 329 1901 nonne
376 1852 428 1901 beio
438 1867 541 1900 sermone
555 1868 622 1916 agere
631 1853 728 1902 tecum?

59 1934 104 1967 neo
119 1917 181 1966 enim
198 1932 287 1980 semper
346 1932 383 1964 em
399 1915 476 1964 modo.
493 1916 558 1976 Quid
573 1917 635 1965 enim
652 1916 728 1967 simile

58 1983 131 2031 habet
141 1981 236 2045 epistole
245 1989 287 2028 aut
301 1979 396 2042 judicio,
408 1988 449 2028 aut
464 1980 582 2028 concioni?
598 1981 664 2041 Quin
677 1981 728 2046 ipsa

57 2046 147 2108 judicie
156 2060 202 2094 non
217 2046 315 2093 solemur
329 2044 408 2092 omnia
417 2052 512 2092 tractare
524 2059 572 2093 uno
581 2045 657 2093 modo.
675 2046 728 2094 Pri-

59 2119 125 2160 votas
136 2125 222 2169 oausao,
234 2118 257 2157 et
267 2125 304 2157 eas
311 2117 399 2166 tenues,
408 2107 499 2170 agimur
507 2108 613 2157 subtilius
621 2126 629 2166 3
647 2111 729 2174 eapitis

59 2184 102 2224 aut
119 2175 189 2223 fama
208 2174 293 2223 seilicet
313 2171 430 2221 ornatius:
448 2171 552 2236 epistolar
569 2188 631 2236 vero,
649 2176 727 2239 quoti·

57 2239 134 2288 dianio
145 2238 219 2287 verbio
229 2247 304 2286 texere
315 2237 422 2286 aolemua

91 2303 139 2354 Sed
155 2303 292 2378 tamonffimi
306 2302 379 2360 Pate,
390 2300 433 2365 qut
447 2300 489 2349 nlri
505 2301 606 2351 venitin
623 2311 726 2353 mentem

58 2367 727 2494 fflffllfflffifflnffloffi
789 2478 794 2490 ,

59 2497 129 2555 tium,
141 2510 241 2559 quorum
250 2494 356 2557 prinecps
367 2493 396 2542 ls.
405 2493 512 2558 Papirius
523 2495 678 2557 Mugillanus,
685 2494 727 2557 qui

60 2576 139 2609 oeunor
149 2575 203 2607 cum
219 2559 248 2606 la.
261 2558 397 2622 Sempronio
411 2559 520 2607 Atratino
530 2559 583 2616 firit,
595 2573 649 2605 eum
659 2566 727 2605 antea

58 2624 139 2674 conoul
150 2638 203 2672 eum
212 2622 291 2672 eodem
302 2622 390 2684 luisset,
402 2623 468 2671 annia
476 2632 526 2685 port
538 2622 638 2670 Romam
649 2621 728 2670 eondi-
