1650 2948
184 164 236 215 ΑΙ)
252 164 430 215 nlvnusos.
448 164 508 211 Lrn·
530 162 604 212 VIII.
623 167 629 212 I

87 292 112 338 in
123 293 171 341 istis
182 295 385 357 supplicationibus
397 308 441 340 non
454 293 552 347 babere;
571 292 629 340 Paul

86 357 142 404 nino
152 359 177 405 In
188 359 250 406 hunc
261 374 348 405 annum
360 373 405 404 non
417 358 552 405 edicturum.

120 422 290 470 Renuntiatum
309 424 374 470 nobis
391 431 446 480 aet,
462 422 561 469 Hirrum
578 421 629 469 diut

85 487 308 599 ttulistis
320 486 629 613 lffidmffllid

425 583 433 609 9

84 612 114 673 si,
120 620 148 661 ut
155 612 365 678 [numerarentuu]
373 615 505 678 postularet,
511 615 588 662 tacuit
597 615 629 663 Tr

85 677 135 724 toni
145 694 250 727 assensus
261 687 303 738 est,
309 679 360 742 qui,
369 687 392 726 et
402 679 430 726 de
438 688 461 726 te
471 678 561 726 locutus
568 679 628 727 bono

84 740 189 790 decrerat
199 743 382 806 supplicationes.
399 742 492 790 Tertius
502 742 532 789 sd
542 742 584 790 hos
594 743 629 791 Fu

85 806 159 853 cessit.
176 807 264 866 Quare,
275 823 318 870 pro
328 808 440 870 cujusque
450 804 532 853 naturi
543 814 565 853 et
578 807 630 854 insti

85 868 125 917 fioe
145 880 200 919 suut
221 871 330 935 egeudae:
356 871 400 931 bis,
418 870 482 934 quod
503 879 591 918 mntem
613 887 630 918 v·

74 935 248 992 'ostenderunt3
265 951 307 999 pro
324 935 444 995 sententia,
461 948 515 982 cum
530 934 630 998 impedis

84 1011 132 1046 non
142 999 293 1063 pugnlrrunt3
311 1000 406 1048 Curioni
416 1015 477 1057 vero,
491 998 553 1061 quod
573 998 602 1048 de
612 1015 630 1047 σι

84 1061 175 1110 tionum
195 1079 263 1112 cursu
280 1064 322 1111 tub
338 1063 407 1112 causti
424 1063 523 1111 deflexit.
540 1064 630 1112 Num]

85 1125 210 1186 Lentulus,
222 1137 249 1175 ut
258 1128 394 1187 debuerunt,
408 1128 474 1191 qussi
485 1143 563 1176 eorum
575 1143 610 1176 res
621 1144 630 1176 ε

84 1191 205 1240 uobiscum
216 1192 377 1240 cirurrrnierunt
390 1201 414 1240 ct
423 1191 563 1240 leborlrrunt.
579 1193 630 1242 Ball

84 1254 187 1304 Cornelii
193 1272 285 1321 operum
294 1266 316 1304 et
322 1257 464 1304 sedulitatem
470 1256 564 1304 laudare
571 1273 630 1320 possi

82 1333 138 1368 cum
148 1321 250 1369 Curione
260 1321 404 1369 vehementer
414 1321 551 1379 locutusest,
560 1329 583 1368 et
589 1337 630 1369 eun

79 1383 181 1444 fecisset,
198 1386 307 1447 injuriam
319 1385 403 1434 cesari
418 1385 533 1432 facturum
543 1384 617 1433 dixit:

81 1447 153 1496 fidem
165 1449 190 1496 in
201 1450 351 1514 suspicione·
362 1449 466 1497 adduxit.

117 1511 245 1562 Decrersnt
261 1514 364 1589 quidem,
382 1513 423 1577 qui
439 1528 513 1576 neque
527 1513 621 1576 transigi

83 1573 193 1637 Domitii,
211 1579 341 1641 Scipiones;
362 1579 446 1641 quibus
461 1577 505 1624 hac
520 1592 545 1624 re
562 1577 591 1623 sd
612 1577 630 1623 ir

82 1653 137 1688 nem
148 1642 286 1690 evocandam
297 1642 503 1706 interpellantibus,
515 1640 630 1688 venustissi

82 1706 209 1768 respondit,
221 1723 245 1754 se
255 1722 281 1754 eo
289 1707 397 1754 libentius
403 1721 449 1753 non
456 1704 600 1762 intercedere,
609 1721 630 1768 qr

80 1767 147 1830 (lem,
158 1771 201 1833 qui
210 1771 362 1827 decernerent,
373 1770 459 1818 videret
469 1769 549 1818 confici
559 1770 627 1817 nolle.

113 1832 187 1892 Quod
205 1835 236 1882 ed
252 1836 416 1898 rempublicam
430 1834 519 1893 attinet,
537 1835 561 1881 in
575 1849 630 1882 unet

80 1897 157 1946 omnis
167 1900 281 1946 contentio
290 1901 391 1960 conjecta
402 1908 443 1958 est,
455 1898 484 1946 de
494 1898 629 1961 provInciis3

82 1961 159 2010 adhuc
169 1962 299 2011 incubuisse
308 1979 362 2011 cum
373 1973 451 2011 senatu
467 1964 592 2025 Pompeius
608 1963 630 2011 vi

82 2025 161 2074 Caeser
180 2027 217 2076 Id.
237 2029 352 2076 Novemb.
370 2027 470 2077 decedet.
493 2026 563 2074 Curio
580 2042 631 2074 omn

80 2091 159 2139 subire
168 2092 293 2150 constituit,
308 2107 379 2155 quem
390 2091 414 2139 id
424 2091 487 2154 petit
505 2099 595 2139 ceteras
605 2108 630 2140 su

81 2154 189 2204 udones.
204 2157 283 2204 Nostri
293 2171 369 2218 porro,
389 2171 447 2219 quos
463 2163 489 2202 tu
506 2156 564 2202 bene
574 2157 631 2205 nesti

80 2227 181 2268 tremum
193 2230 306 2269 certamen
317 2235 366 2268 rem
377 2219 487 2268 deducere
497 2233 543 2266 non
553 2219 628 2268 auden

113 2283 187 2332 Scene
197 2286 230 2332 rei
241 2285 310 2332 totius
320 2285 383 2333 baec:
400 2282 534 2347 Pompeius,
545 2293 631 2349 tumque

31 2356 72 2423 Γ·
78 2362 129 2397 rem
141 2361 187 2395 non
197 2348 326 2412 impugnet,
338 2349 385 2408 sed,
396 2348 459 2412 quod
468 2347 503 2394 illi
511 2364 604 2424 aequum
612 2367 631 2414 p

79 2412 168 2471 stimet,
177 2413 209 2460 eit
215 2413 338 2461 Curionem
347 2428 448 2477 querere
453 2412 580 2461 discordas
588 2414 631 2461 Vel

80 2474 128 2524 non
138 2477 198 2536 vult,
214 2485 237 2524 et
252 2479 321 2541 plene
335 2478 408 2534 timet,
421 2477 534 2525 Caeserem
545 2478 631 2525 consuli

80 2541 132 2589 neri
142 2540 215 2603 prius,
226 2557 298 2606 quem
308 2542 433 2601 exercitum
441 2550 464 2589 et
471 2540 611 2605 provinciam
622 2550 632 2587 t

83 2604 204 2668 decipitur
214 2606 268 2654 satis
278 2607 339 2654 mele
349 2622 363 2654 a
372 2605 487 2661 Curione;
504 2613 527 2651 et
537 2611 598 2652 totus
609 2604 629 2665 ej

81 2668 126 2720 dus
135 2671 266 2724 conudutus
278 2670 417 2739 exagitetur.
440 2670 499 2721 llos
507 2667 553 2720 trux
565 2666 631 2717 deor
