1650 2948
192 161 243 211 An
259 162 435 214 DIVERSOS.
453 164 514 212 lain·
528 165 564 213 Π.
582 165 618 212 ll.
707 168 740 214 43

73 298 139 337 ustus
155 291 237 339 babuit
255 291 317 340 hunc
333 293 421 340 exitum
440 292 494 340 estis
510 292 606 340 felicem.
625 291 671 350 Es,
689 309 741 356 qun

73 354 186 416 sequitur,
198 370 283 418 msgno
293 364 327 404 est
336 357 361 402 in
371 357 460 403 timore.
484 356 570 415 Qusre,
583 356 616 402 mi
628 357 699 414 Rufe,
708 358 743 404 vi-

72 418 136 480 gilsz
153 419 267 482 primum,
283 428 310 467 ut
323 420 382 467 inihi
394 419 541 468 succedsnrr:
558 421 593 468 sin
610 419 635 467 id
650 421 701 478 erit,
716 431 744 468 ut

74 482 163 540 scribis,
174 491 207 540 et,
218 492 246 530 ut
255 498 297 546 ego
307 484 411 542 arbitror,
428 484 537 547 spissiusr
553 484 621 542 illud,
635 485 698 547 quod
708 485 747 532 is-

74 545 352 610 nleesnnequidmihi
368 548 477 622 temporis
492 555 633 611 prorcgebrr.
664 548 702 596 De
718 565 744 596 re

75 610 178 672 publicis,
191 626 220 659 ex
230 611 285 670 nris,
295 621 323 659 nt
332 619 399 659 entes
409 612 451 659 nbi
458 611 544 674 scripsi,
553 627 606 660 cum
614 612 744 674 presentis,

78 686 129 720 tum
138 675 208 724 etiem
218 675 297 722 futrrrs
306 676 389 738 magis,
401 685 513 738 exspecto.
530 675 617 734 Quare,
628 687 655 722 ut
664 677 694 723 sd
704 691 743 722 inc

77 737 236 865 ζιιίιῧιιέειιι
242 738 414 803 diligentissime
421 739 555 802 perscribas,
567 748 590 786 te
600 739 743 788 vehementer

81 985 150 1051 (ιι.)
167 985 207 1034 Μ.
217 985 249 1035 n.
261 987 289 1036 c
300 986 375 1035 1n1r.
386 987 424 1034 M.
436 986 676 1048 cernicinum
688 989 745 1038 cu.

322 1051 502 1111 nunrsn.

122 1178 318 1240 (Argumentum.
326 1203 356 1214 -
365 1177 533 1240 Prorcgsticnis
552 1185 616 1225 metu
639 1177 749 1226 sollicitus

83 1243 112 1289 nb
122 1243 197 1290 verius
207 1258 295 1302 ceum,
306 1242 336 1290 de
344 1241 471 1304 pantheris,
484 1242 508 1288 in
522 1242 589 1290 ludos
599 1242 671 1289 aedilis
682 1242 748 1290 Coelii

83 1306 208 1430 Ἠῶ,
218 1306 312 1357 scribite
329 1305 405 1406 ersibi
414 1322 450 1354 res
465 1307 563 1354 uranus
576 1307 684 1369 perscribi
694 1322 749 1370 pos·

114 1498 243 1547 Putaresne
253 1512 358 1560 unquam
373 1497 473 1545 accidere
487 1513 559 1560 posse,
575 1507 602 1545 nt
613 1497 672 1545 mihi
682 1498 752 1544 verbs

85 1562 195 1622 deessent,
206 1577 283 1625 neque
296 1562 372 1609 solum
384 1561 428 1608 ista
444 1570 518 1609 vestre
533 1561 638 1620 oratoris,
650 1561 690 1607 sed
701 1560 751 1607 hnc

86 1627 154 1674 etism
168 1627 230 1674 levis
240 1625 367 1673 nostratis?
383 1624 475 1673 Desunt
490 1634 568 1673 eurem
584 1634 677 1688 propter
691 1623 751 1671 huuc

86 1705 186 1749 mnsam,
198 1690 262 1753 quod
279 1688 374 1737 mirifice
390 1705 442 1736 sum
459 1689 576 1748 sollicitus,
595 1689 707 1752 quidnam
723 1687 752 1734 de

85 1754 207 1818 provinciis
218 1754 358 1801 decernatur.
382 1753 472 1801 Mirum
483 1769 521 1801 me
537 1753 673 1801 desiderium
691 1760 752 1799 tener

87 1818 166 1878 Urbis,
178 1817 312 1865 incredibile
322 1832 435 1879 meorum,
446 1826 516 1881 elque
525 1818 549 1864 in
560 1817 641 1880 primis
657 1816 700 1874 tui,
716 1832 752 1863 sa·

86 1882 151 1930 rietes
161 1890 241 1929 nutem
252 1881 389 1944 provinciae3
406 1882 451 1940 vel,
468 1882 523 1945 quic
538 1882 642 1930 videmur
658 1896 708 1927 eam
719 1880 755 1926 fa·

86 1961 150 1993 mam
160 1945 284 2004 consecuti,
295 1953 323 1992 ut
333 1959 378 1992 nou
389 1955 437 1992 cem
445 1945 675 2008 soeenioquaerenda,
683 1960 754 2007 quam

87 2010 180 2057 fortuna
186 2008 311 2057 metuende
321 2009 365 2066 sit3
377 2010 421 2069 vel,
433 2009 488 2072 quin
498 2018 571 2056 totum
581 2009 698 2071 negotium
708 2023 754 2055 non

88 2083 122 2121 est
131 2074 232 2136 dignum
247 2072 334 2121 viribus
348 2073 438 2133 nostris,
454 2073 494 2136 qui
509 2075 596 2133 msj0ra
607 2087 675 2119 onere
685 2073 709 2119 in
720 2088 755 2118 re-

87 2138 182 2200 publici
190 2136 301 2184 sustinere
311 2148 334 2184 et
341 2137 426 2200 possim
437 2146 460 2184 et
470 2137 570 2194 soleem;
588 2138 625 2184 vel
636 2136 691 2199 quis
700 2137 755 2184 belli

88 2202 168 2263 magni
176 2201 246 2248 timor
257 2200 383 2264 impendet,
391 2201 454 2264 quod
464 2201 569 2248 videmur
580 2201 687 2264 effugere,
699 2200 718 2248 si
726 2200 756 2246 ud

87 2265 237 2314 constitutam
247 2264 309 2312 diem
320 2265 461 2313 decedemus.

119 2330 159 2377 De
175 2328 301 2392 pantheris,
318 2345 360 2392 per
374 2345 411 2377 eos
430 2329 471 2392 qui
490 2329 566 2378 veneri
583 2329 663 2390 solent,
681 2329 757 2390 agitur

87 2394 199 2442 mundato
210 2408 263 2440 meo
273 2392 408 2456 diligentem
425 2393 465 2441 sed
480 2393 539 2440 mira
554 2393 655 2456 paucius
669 2403 717 2440 est:
736 2399 759 2437 et

89 2475 136 2516 eus,
148 2474 202 2521 qnoe
208 2465 271 2517 sunt,
283 2457 348 2505 valde
359 2458 424 2505 siunt
435 2458 508 2538 (pueri,
517 2457 643 2520 quodnihil
650 2457 759 2518 cuiquam

88 2522 227 2570 insidiarum
239 2522 264 2568 in
278 2522 331 2569 meis
341 2521 465 2585 provincis,
477 2521 520 2570 nisi
538 2522 589 2578 sibi,
605 2521 651 2567 fise
676 2520 760 2588 lisque

87 2586 233 2635 cunstinrisse
247 2585 354 2634 dicuntur
373 2586 397 2633 in
414 2586 508 2636 Curium
518 2601 548 2635 cx
558 2579 767 2648 nnsnbprcuinciu

89 2651 202 2700 dwedere.
220 2649 267 2700 Sed
278 2658 354 2702 remen
363 2652 445 2706 sedulo
456 2653 494 2719 iil,
507 2668 531 2707 es
540 2654 568 2707 in
577 2650 666 2722 prinis
675 2645 781 2700 niniu-
