1650 2948
70 144 117 195 26⁴
183 140 232 188 AD
250 139 428 188 DIVERSOS.
446 139 508 187 [ιιι.
525 139 574 194 lx-
594 140 631 189 ld.

68 287 150 329 seram,
163 279 190 317 ut
201 284 293 333 quoquo
310 268 388 327 modo,
400 269 425 315 iu
438 267 480 316 tali
497 283 523 316 re
539 276 612 332 atque
628 275 734 330 ternpore,

67 344 108 383 eut
118 335 239 382 liberarem
253 344 275 380 te
292 332 336 379 istis
352 332 416 389 curli,
427 341 467 379 aut
484 340 545 380 certe
557 333 666 380 levarem.
684 331 734 389 Sed,

68 414 122 446 cum
139 398 250 461 proximis
267 412 360 460 quoque
376 396 448 444 literis
462 397 573 455 ostendis,
591 405 684 459 quanm
697 395 736 443 siti

68 478 128 509 curae
147 463 176 508 sit
195 479 222 509 ea
241 477 290 516 resr
309 461 348 516 sic,
365 460 399 506 mi
419 461 489 519 Parte,
510 461 610 508 habeto:
628 459 736 523 quidquid

68 536 117 574 arte
131 525 180 572 fieri
197 526 280 589 poterit
301 527 358 587 (non
377 525 440 571 enim
456 526 506 586 J'am
524 526 580 572 satis
598 533 633 572 est
649 523 737 572 oonsilio

68 605 186 652 pugnare:
205 589 326 635 artificium
334 588 451 651 quoddam
462 589 643 650 excogitandum
652 586 695 649 est)
702 587 737 636 ssd

69 661 147 700 tamen
159 653 273 716 quidquid
290 652 400 700 elaborari
411 661 451 699 aut
466 652 525 700 effici
535 652 640 715 potuerit
648 652 679 700 ad
688 652 737 700 ists-

69 732 123 765 rum
144 716 515 772 benevolentiamconcilisndem
534 726 558 764 et
580 716 737 780 colligendam.

70 795 163 829 summo
174 778 250 829 studio
261 796 299 828 me
310 788 457 828 consecutum
468 796 531 836 esse3
548 795 593 829 nec
606 781 701 833 fmstrs.
715 788 738 829 ut

71 845 175 894 arbitror.
200 843 238 893 Sic
256 843 317 893 enim
333 845 402 902 color,
418 845 450 892 sie
467 846 584 902 observor,
595 847 625 892 ab
636 844 739 893 omuibus

71 909 108 956 his
119 909 160 973 qui
170 927 185 957 a
195 909 285 957 Caesare
296 908 431 971 diliguntur,
443 918 469 955 ut
478 911 507 956 ab
518 908 555 957 his
566 924 607 956 me
616 909 691 957 amari
700 924 739 972 pu·

72 981 127 1021 tem.
145 974 217 1031 Nam,
230 973 271 1021 etsi
284 988 330 1021 non
341 972 408 1020 facile
418 972 557 1033 dijudicetur
568 989 636 1022 amor
646 986 712 1021 venir
720 980 740 1020 et

72 1037 148 1094 fictus,
157 1037 200 1084 nisi
208 1037 302 1100 aliquod
309 1037 394 1084 incidat
400 1036 513 1098 ejusmodi
520 1045 624 1100 tempus,
633 1046 670 1097 ut,
696 1035 741 1085 ussl

72 1116 156 1148 aurum
167 1101 224 1163 igni,
243 1101 276 1147 sic
289 1101 447 1149 benevolentia
457 1099 531 1148 fidelis
545 1101 651 1164 periculo
714 1115 741 1151 uo

72 1164 168 1228 perspici
179 1163 265 1227 possit;
283 1174 364 1212 caetera
382 1174 437 1212 sunt
454 1165 521 1228 signa
537 1167 689 1213 eommunisr
706 1164 741 1213 esd

72 1243 115 1290 ego
126 1243 173 1276 uno
189 1236 241 1274 utor
252 1239 398 1290 argumento,
410 1231 561 1292 quamobrem
573 1245 613 1277 me
627 1246 658 1278 ex
668 1230 741 1278 anim

73 1307 171 1354 vereque
185 1291 280 1340 arbitrer
290 1292 364 1355 diligi,
376 1294 431 1356 quia
442 1303 464 1341 et
474 1301 552 1340 nostra
562 1293 658 1342 fotmus
667 1311 694 1342 en
703 1302 741 1351 eet,

74 1364 98 1403 et
106 1355 209 1414 illorum,
222 1365 248 1404 ut
259 1357 382 1406 simulandi
393 1373 461 1404 causa
471 1372 518 1405 non
530 1357 566 1405 sit.

107 1420 145 1468 De
159 1419 200 1469 illo
216 1430 303 1479 autem,
317 1438 387 1485 quern
406 1436 475 1485 penes
492 1429 527 1469 est
543 1422 620 1470 omnis
638 1431 749 1486 poterim,

75 1485 134 1532 nihil
141 1483 214 1544 video,
226 1486 289 1550 quod
300 1486 410 1541 timeam
427 1486 472 1533 nisi
483 1485 546 1550 quod
556 1487 637 1534 omnin
648 1495 701 1539 sunt
710 1487 744 1535 in·

75 1559 145 1610 uerte,
157 1566 211 1598 cum
222 1567 237 1598 a
245 1552 297 1611 jure
307 1551 430 1598 discessum
444 1558 491 1598 est:
509 1565 551 1598 nec
567 1551 745 1615 praestnnquid·

76 1630 148 1679 quam
156 1623 238 1678 potest,
250 1615 319 1678 quale
328 1614 433 1662 futurum
445 1615 482 1672 sit,
494 1614 556 1677 quod
567 1615 671 1678 positum
679 1625 712 1664 est
721 1615 744 1665 in

76 1680 170 1727 alterius
187 1680 312 1736 voluntate,
332 1679 461 1735 mdiorum,
479 1678 582 1726 libidine.
605 1680 652 1728 Sed
671 1688 745 1728 tamen

77 1745 127 1803 ejus
138 1743 209 1805 ipsius
226 1743 291 1789 nulli
301 1758 326 1789 re
337 1758 351 1788 a
361 1757 400 1788 me
414 1743 513 1790 offensus
530 1752 564 1790 est
581 1743 681 1792 animus.
704 1744 746 1791 Est

77 1807 140 1852 enim
151 1805 255 1852 adhibita
269 1805 293 1852 in
305 1805 332 1852 ei
343 1821 368 1852 re
378 1805 428 1869 ipsi
440 1822 531 1854 summa
542 1824 556 1854 a
566 1807 634 1856 nobis
644 1807 746 1857 modere-

76 1869 116 1916 tio.
134 1869 168 1916 Ut
175 1869 237 1915 enim
244 1869 300 1916 olim
309 1869 444 1929 arbitrabar,
453 1887 501 1919 esse
507 1887 587 1919 meum
595 1872 667 1920 libere
674 1871 745 1935 loqui,

76 1934 144 1992 cujus
162 1933 231 1995 operi
248 1941 305 1980 esset
315 1933 340 1980 in
356 1934 446 1982 civitate
460 1935 567 1993 libertas3
586 1938 625 1995 sic,
647 1935 674 1984 ed
687 1951 746 1984 nunc

76 1995 168 2055 amissi,
189 1997 249 2044 nihil
265 1999 339 2062 loqui,
355 1999 417 2063 quod
435 1999 536 2047 offendat
554 2010 596 2048 aut
616 2000 689 2059 illius,
708 2009 747 2049 aut

76 2075 158 2107 eorum
169 2061 210 2134 qui
222 2064 251 2109 ab
262 2063 303 2110 illo
314 2062 450 2126 diliguntur,
462 2064 611 2112 voluntatem.
637 2065 748 2128 Effugere

76 2132 155 2171 autem
167 2139 186 2170 st
197 2126 280 2173 vellem
292 2128 456 2174 nonnullorum
467 2137 533 2175 acute
544 2137 585 2176 aut
595 2128 668 2177 facete
678 2129 748 2176 dicto,

72 2202 130 2235 rum
141 2188 298 2246 offensionem,
305 2191 369 2238 fama
378 2191 465 2254 ingenii
472 2192 531 2239 mihi
541 2202 600 2240 esset
607 2193 745 2254 abjiciendus

93 2251 140 2298 uod
157 2252 177 2298 si
195 2269 294 2314 possem,
314 2269 360 2302 non
380 2272 514 2304 recusarem.
540 2257 586 2304 Sed
604 2267 683 2305 temen
699 2257 746 2320 ipse

77 2267 155 2365 daem
166 2316 236 2364 habet
246 2333 337 2381 peracre
345 2319 472 2379 judicium:
491 2329 522 2378 et,
530 2330 557 2367 ut
566 2322 668 2380 Servius,
680 2321 748 2375 irater

78 2393 141 2441 tuus,
151 2380 232 2492 (Ἥεω
243 2381 423 2430 literatissimum
434 2385 505 2433 fuisse
509 2384 599 2446 judico)
610 2386 679 2435 facile
688 2385 748 2435 dise·

78 2453 123 2503 ret,
140 2447 158 2473 ‘⁶
197 2444 218 2492 ic
231 2460 309 2493 versus
326 2446 405 2498 Plauti
422 2464 468 2497 non
489 2457 537 2502 este
554 2449 593 2497 hic
610 2451 671 2509 est‚'‘
688 2449 749 2513 quod

79 2509 145 2557 trites
155 2510 326 2558 aureshaberet
337 2513 442 2560 notandis
452 2515 573 2576 generibus
583 2514 715 2577 pedianum,
726 2523 749 2563 et

78 2573 244 2623 consuetudine
254 2574 360 2639 legendi3
378 2576 410 2623 sic
423 2577 491 2625 audio
502 2578 626 2636 Caesarem,
641 2593 696 2626 cum
711 2593 749 2627 vo·

66 2637 171 2708 ,lumina
180 2642 235 2713 jam
246 2639 368 2692 conlem'li
378 2639 564 2702 απδφῆιῃιατων,
571 2641 594 2685 td
601 2643 666 2701 quud
672 2642 750 2689 uffan·
