1650 2948
70 182 102 228 or
170 157 239 226 ⁴ln
257 178 434 227 nrvurrsos.
452 178 513 224 mn.
530 172 616 225 rue

69 316 138 371 pente
149 316 231 371 proter
241 322 305 370 spem
320 306 387 364 dixit,
399 321 423 354 se
434 305 523 354 senatui
531 303 623 368 roganti
633 303 662 351 de
673 302 741 352 Mar.

70 373 136 430 cello,
156 387 185 419 ne
198 371 297 418 bominis
308 370 402 433 quidem
419 371 496 428 causi,
507 379 653 431 negatumm.
670 368 742 417 Fece·

71 444 107 482 rat
118 445 195 482 autern
213 437 256 482 hoc
267 445 366 492 senatus,
384 444 411 481 ut
422 450 475 481 cum
486 451 500 480 a
515 434 543 480 L.
559 433 642 480 Pisone
653 434 742 481 mentio

71 508 129 547 esset
139 500 200 546 facta
213 499 242 546 de
257 499 377 557 Marcello,
389 509 412 546 et
427 514 480 545 cum
492 499 519 545 C.
534 497 661 544 Marcellus
678 513 701 544 se
712 498 743 544 ad

72 564 167 611 Gaesaris
178 563 247 626 pedes
258 563 384 623 abjecisset,
400 571 496 610 cunctus
510 569 664 624 consurgeret,
676 570 699 609 et
713 562 744 610 ed

73 628 187 676 Caesarem
198 627 296 690 supplex
307 627 428 675 accederet.
779 650 781 658 ν

105 691 163 739 Noli
173 707 275 754 quaerere
283 709 290 738 r
307 691 340 739 ita
348 691 405 738 mihi
414 692 510 754 pulcher
518 690 557 738 hie
567 689 616 737 dies
626 689 689 737 visus
699 697 745 748 est,

73 764 101 802 ut
111 756 209 819 speciem
220 755 323 820 aliquam
331 755 419 803 viderer
430 756 505 803 videre
513 754 580 819 qussi
590 753 746 802 reviviscentis

72 819 211 883 reipublicae.
230 818 313 884 Itaque
324 836 377 867 curn
385 835 464 867 omnes
472 827 526 867 ante
532 834 570 866 me
577 818 746 880 rogatigratias

72 883 160 932 Caesari
170 885 276 948 egissent,
293 893 375 948 prater
390 885 532 942 VolcatIum,
551 883 581 947 (is
592 881 664 940 enim,
680 882 699 929 si
717 898 746 931 eo

73 948 123 997 loco
134 958 199 1008 esset,
211 949 303 1012 negavit
314 965 337 996 se
354 948 469 996 facturum
480 946 561 1008 fuisse)
574 962 625 1008 ego,
640 954 745 1008 rogatus,

72 1014 162 1060 mutavi
172 1028 252 1060 meum
263 1013 391 1060 consilium.
410 1013 475 1059 Nam
483 1021 616 1068 statueram,
627 1025 674 1057 non
684 1011 747 1074 (me-

72 1074 175 1136 hercule)
192 1076 283 1135 inertib,
295 1076 334 1124 sed
345 1077 456 1124 desiderio
470 1076 572 1140 pristinae
582 1074 709 1149 dignitptis,
720 1074 747 1123 in

73 1139 747 1266 &gililaffl‘dalffi‘uhlbffillnlhllqd
775 1216 779 1221 -

73 1254 179 1330 pluribus
196 1267 270 1314 verbis
288 1268 325 1330 egi
338 1267 423 1316 Caesari
434 1268 533 1330 gratias:
551 1283 644 1330 meque,
656 1274 746 1335 metuo,

74 1344 104 1378 ne
125 1330 194 1378 etiam
212 1331 237 1377 in
255 1332 341 1379 caeteris
362 1334 431 1379 rebus
449 1333 545 1380 honesto
561 1332 608 1380 otio
625 1329 745 1395 privdrim‚

74 1394 137 1458 quod
148 1403 196 1442 erat
207 1411 282 1443 unum
293 1396 401 1444 solatium
411 1397 437 1442 in
447 1397 522 1444 malls.

107 1459 154 1507 Sed
164 1469 250 1517 tamen,
266 1461 376 1524 quoniam
387 1461 458 1523 effugi
473 1462 523 1521 ejus
534 1459 692 1522 offensionum
703 1459 746 1523 qui

74 1523 170 1572 fortasse
180 1525 335 1584 arbitraretur,
347 1541 385 1574 me
395 1526 455 1573 hanc
465 1525 633 1587 rempublicam
644 1539 691 1572 non
701 1539 747 1588 pu.

75 1595 132 1647 tare,
144 1589 164 1636 si
181 1599 291 1653 perpetuo
308 1599 423 1645 tacerem
441 1588 529 1636 modice
539 1589 583 1636 hoc
600 1587 693 1647 faciam,
705 1595 748 1635 aut

74 1652 145 1700 etiam
162 1653 223 1701 intra
237 1654 350 1710 modum3
363 1662 390 1700 ut
408 1663 431 1701 et
443 1653 506 1700 illius
525 1653 637 1702 voluntati
651 1661 674 1700 et
688 1653 747 1701 meis

76 1717 158 1764 studiis
172 1718 276 1765 serviem.
294 1718 367 1775 Nam,
379 1717 422 1764 etsi
433 1715 532 1780 oprimi
545 1725 612 1764 aetate
622 1732 660 1764 me
671 1716 747 1765 omnis

76 1795 113 1828 ars
124 1788 147 1827 et
157 1780 260 1828 doctrina
271 1781 380 1840 liberalis,
392 1789 415 1828 et
425 1781 527 1829 nmxbne
541 1781 695 1844 philosophia,
707 1781 747 1829 de-

76 1843 184 1899 lectavitr
202 1852 279 1891 tamen
297 1845 341 1892 hoc
363 1844 465 1892 studium
483 1844 585 1908 quotidie
601 1845 746 1907 ingravescit,

76 1907 145 1955 eredo
155 1916 178 1955 et
189 1909 261 1956 aetatis
271 1909 403 1956 maturitate
411 1908 440 1955 ad
447 1909 602 1972 prudentiam,
612 1918 635 1956 et
642 1909 679 1957 his
690 1918 749 1956 tem·

74 1986 160 2034 pomm
171 1971 241 2031 vitiis,
252 1980 279 2019 ut
289 1973 355 2020 nulla
362 1989 398 2020 res
409 1973 454 2020 alia
464 1974 539 2021 levare
549 1973 654 2020 animum
665 1973 749 2021 moles·

77 2035 115 2083 tiis
126 2036 203 2098 possit
221 2038 245 2084 A
257 2053 304 2100 quo
315 2037 390 2085 studio
404 2047 427 2085 te
438 2037 520 2085 abduci
532 2037 629 2098 negotiis
644 2036 749 2099 intelligo

78 2099 270 2210 extrpislitterisr
288 2100 749 2166 sedtamenaliquidjamnoctesteed·

76 2163 133 2223 juva
149 2172 200 2211 unt.

110 2227 203 2276 Servius
214 2238 276 2289 tuus,
288 2232 325 2278 vel
335 2232 411 2294 potius
421 2229 611 2289 noster,·summb
621 2245 660 2278 me
670 2231 747 2278 obser·

78 2291 157 2339 rantib
167 2292 234 2340 colit:
253 2296 319 2354 eujus
330 2311 372 2357 ego
382 2311 436 2343 cum
447 2296 511 2343 omni
521 2295 636 2358 probitate
645 2294 757 2343 summi„

78 2370 125 2418 que
143 2355 236 2415 virtute,
251 2365 303 2404 tum
320 2359 400 2407 studiis
419 2359 576 2422 doctricique,
594 2358 700 2406 delector.
725 2356 750 2407 Is

79 2434 172 2468 mecum
187 2436 247 2484 saepe
261 2421 291 2469 de
301 2422 341 2469 tul
355 2424 473 2472 mansione
487 2432 528 2471 aut
539 2423 667 2472 decessione
686 2438 749 2471 com-

78 2485 189 2534 municat
203 2485 290 2534 Adbuc
300 2486 374 2535 inhac
382 2504 434 2535 sum
446 2487 565 2545 sententib,
572 2487 631 2535 nihil
641 2495 669 2534 ut
679 2486 750 2535 facia·

79 2563 141 2611 mus,
152 2549 197 2602 nbi
212 2550 275 2614 quod
291 2551 393 2599 maxime
409 2553 487 2600 Cesar
499 2552 557 2599 velle
572 2551 684 2598 videatur.
700 2551 750 2599 Res

66 2615 264 2679 mntejasmodi,
280 2625 315 2677 ut,
330 2616 350 2666 si
368 2616 453 2666 Roma
462 2616 503 2677 sie,
517 2615 587 2673 nibil,
596 2628 677 2676 praeter
688 2623 749 2673 tuos,

54 2672 178 2744 Hem
187 2690 212 2733 te
218 2684 304 2749 possit.
324 2684 367 2735 De
374 2681 482 2749 reliquis,
488 2678 699 2739 murmurosum
705 2685 759 2733 W·
