1650 2948
103 131 135 177 to
236 132 286 178 Au
303 100 560 179 orvunsosssnn.
577 130 598 178 1.
616 134 639 178 s.

102 274 140 305 me
151 259 205 317 fere,
217 260 334 322 referoque
345 259 374 306 od
380 259 544 307 mansuetiores
554 257 637 306 Musas
646 275 654 316 ;
672 260 724 322 que
732 273 770 306 me

99 323 210 397 manime,
221 323 280 371 sicut
292 327 341 385 jam
355 340 369 370 a
381 323 456 387 primi
472 321 630 382 adolescendi,
646 323 769 380 delectent)

100 389 419 511 tittttltlttltt
426 386 770 514 tssttttttttltmutt

101 514 207 574 Oratore,
219 532 276 579 quos
285 517 380 563 arbitror
389 518 490 564 Lentulo
501 526 541 562 tuo
552 515 600 562 fore
611 530 658 562 non
668 514 769 562 inutiles.

101 579 235 626 Abhorreut
242 581 304 628 enim
311 594 326 627 'a
332 581 493 628 communibus
499 579 617 643 preceptis
625 596 633 635 ς
643 587 666 626 et
676 578 770 626 omnem

101 643 258 706 antiquorum,
266 653 289 692 et
299 645 473 705 Aristotelem,
480 653 503 692 et
514 646 652 692 Isocrateem
659 643 771 690 rodonem

101 708 223 754 oratoriam
233 710 422 772 complectuntur.
441 708 526 772 Scripsi
537 708 607 756 etiem
613 707 716 756 uersibus
726 714 772 767 tres

101 772 171 819 libros
188 772 217 820 de
227 774 368 838 temporibus
380 775 438 822 meis
447 791 455 830 ς
473 789 531 837 quos
541 772 692 836 jampridem
707 770 738 818 sd
748 779 772 818 te

101 835 223 897 misissem,
230 837 250 885 si
258 853 306 886 esse
311 838 410 887 edendos
417 839 542 902 putissem.
558 835 687 885 Suntenim
695 843 773 895 testes,

102 909 126 948 et
142 911 218 962 eruut,
236 903 368 978 sempiterni
386 904 521 951 meritorum
540 916 594 964 erga
611 915 649 948 me
667 908 771 959 tuorum,

102 980 206 1076 t‘ttt?
212 966 378 1078 iiiiii&
395 966 659 1092 lttlltllt’plt
672 963 773 1076 {bii

660 1062 668 1085 ‚
762 1055 773 1068 .

104 1092 165 1151 liter)
177 1093 217 1140 sed
228 1109 274 1153 eos,
283 1109 341 1157 quos
349 1064 397 1142 erit
403 1095 520 1142 infinitum
530 1096 590 1141 bene
600 1095 673 1140 deme
680 1091 774 1140 meritos

27 1189 28 1193 ,
103 1170 184 1204 omues
194 1157 319 1205 nominare.
336 1158 402 1217 Quos
413 1167 490 1206 tamen
501 1159 562 1222 ipsos
572 1157 651 1216 libros,
662 1156 772 1219 siquem,

103 1220 141 1268 cui
151 1229 211 1268 recte
224 1221 377 1280 committam,
388 1222 504 1282 invenero,
520 1223 605 1270 curabo
619 1221 650 1269 sd
663 1229 687 1268 te
697 1219 774 1285 perse·

104 1284 192 1331 nendos.
209 1285 290 1348 Atque
304 1286 372 1334 istam
383 1286 478 1349 quidem
552 1301 578 1332 m
588 1287 641 1334 vite
651 1293 773 1333 eonsuetu-

103 1348 209 1410 dinisque
216 1357 298 1397 nostrae
308 1359 381 1398 totum
390 1351 420 1398 od
430 1351 476 1398 ted
499 1366 544 1399 ero.
559 1349 683 1408 Quantum
691 1348 772 1408 literis,

104 1421 219 1474 quantum
235 1414 325 1475 studiis,
342 1415 457 1463 veteribus
473 1415 556 1462 nostris
575 1413 772 1471 delectationibus,

103 1477 211 1542 consequi
227 1479 361 1541 poterimus,
381 1479 406 1527 id
423 1495 491 1528 omne
508 1479 538 1526 ad
555 1478 677 1528 arbitrium
694 1485 772 1536 tuum,

103 1540 144 1605 qui
154 1542 204 1590 haec
214 1558 303 1607 semper
310 1544 402 1605 amisti,
413 1544 563 1592 libentissime
574 1542 724 1590 conferemus.

112 1616 117 1627 “
136 1606 198 1665 Quae
207 1608 237 1655 od
248 1623 286 1656 me
296 1609 326 1656 de
336 1608 382 1656 tuis
392 1611 460 1656 rebus
470 1607 599 1656 domesticis
610 1606 697 1665 scribis,
709 1621 773 1669 quae-

104 1687 150 1734 que
164 1672 224 1718 milri
236 1672 392 1732 commendes,
403 1688 430 1720 eo
444 1680 514 1720 tante
525 1671 585 1719 mihi
598 1686 659 1719 curm
672 1678 735 1728 suut,
746 1678 774 1717 ut

103 1750 142 1808 me
150 1735 223 1806 nolim
233 1735 368 1795 admoneri3
384 1736 460 1800 rogari
469 1751 523 1785 vero
534 1735 584 1785 sine
599 1749 685 1798 magno
695 1733 775 1782 dolore

103 1813 143 1846 Vix
195 1810 255 1847 sum.

135 1813 207 1922 Qlirbsd
223 1864 252 1911 de
269 1864 354 1924 Quinti
366 1864 442 1914 fratris
455 1865 547 1929 negotio
562 1862 649 1924 scribis,
664 1871 689 1912 te
698 1862 775 1927 priore

103 1935 189 1989 estse,
201 1928 264 1992 quod
274 1931 355 1977 morbo
365 1929 490 1994 impeditus
498 1930 523 1977 in
533 1928 639 1979 Ciliciam
645 1943 693 1976 non
699 1937 777 1974 maus-

105 1990 166 2051 ieris,
183 1992 292 2042 conficere
315 2008 362 2042 non
378 1994 497 2059 potuissee
519 2009 581 2043 nunc
600 2001 679 2041 autem
695 1990 776 2039 omnis

104 2054 228 2117 facturum,
247 2066 274 2105 ut
291 2058 411 2117 conficiam
428 2059 453 2105 id
470 2059 526 2107 scito
542 2073 590 2106 esse
607 2056 729 2119 ejusmodi,
747 2063 776 2103 ut

104 2119 174 2166 freter
187 2136 254 2169 meus
264 2137 316 2170 vere
327 2123 450 2184 existimet,
462 2124 571 2184 adjuncto
585 2121 629 2169 isto
639 2121 721 2180 fundo,
733 2135 775 2183 pe-

105 2182 241 2232 trimonium
250 2184 300 2234 fore
309 2203 378 2234 suum
389 2204 430 2251 per
441 2197 463 2235 te
473 2187 631 2235 constitutum.
648 2184 689 2232 Tu
696 2184 776 2232 mede

105 2247 151 2297 tuis
161 2250 229 2297 rebus
240 2250 356 2309 omnibus,
371 2260 394 2300 et
405 2252 434 2299 de
445 2251 541 2299 Lentuli
551 2251 587 2298 tui
597 2249 714 2312 nostrique
725 2256 776 2296 stu-

105 2311 149 2360 diis
165 2321 188 2360 et
205 2314 411 2373 exercitationibus,
427 2315 497 2363 velim
510 2330 582 2378 quam
598 2312 777 2362 familiarissime

106 2376 233 2437 certiorem,
249 2387 272 2424 et
284 2394 356 2441 quam
366 2379 499 2442 saepissime,
510 2380 596 2436 socias3
613 2377 777 2450 existimesque

106 2440 223 2488 nemiuem
233 2441 343 2505 cuiquem
357 2458 433 2506 neque
445 2443 555 2491 canorem
566 2458 642 2506 neque
652 2441 777 2508 jucundio-

106 2519 156 2552 rem
165 2519 270 2568 unquum
280 2505 359 2566 fuisse,
377 2522 448 2570 quam
460 2516 482 2554 te
493 2507 567 2564 mihi;
584 2507 655 2570 idque
664 2521 711 2565 me,
729 2519 777 2552 non

101 2567 176 2616 modo
187 2582 213 2616 ut
225 2578 250 2618 tu
265 2569 358 2629 sentias,
368 2571 408 2618 sed
423 2580 450 2619 ut
464 2585 544 2620 omnes
560 2580 649 2634 gentes,
666 2570 736 2620 etism
750 2578 780 2616 ut

73 2632 221 2689 ,poetetim
231 2635 311 2685 omnis
321 2635 446 2702 intelliget,
458 2651 506 2686 esse
515 2635 637 2685 lecturum.
693 2673 695 2679 .

15 2790 32 2869 't
